3159 4934
813 342 952 386 addice

716 588 1041 657 PROPOSITIONES.
1068 624 1073 634 ·

336 747 379 813 17.
402 749 578 815 Pnouosmro
595 747 633 814 1².
648 748 798 813 Felicitas
818 771 883 816 noo
903 752 1046 814 consistit
1064 751 1099 815 io
1120 749 1289 830 voluptate.

334 848 487 914 Probatur.
513 847 627 927 Duplex
654 850 789 926 voluptas
818 851 998 913 considerari
1020 859 1137 928 potest:
1160 865 1298 928 corporea
1324 865 1401 928 quae
1429 865 1468 911 ex

293 949 382 1011 rebus
404 947 604 1021 sensibilibus,
624 955 654 1010 et
673 947 845 1025 incorporea
869 964 946 1026 quae
965 963 1002 1010 ex
1031 948 1115 1011 bouis
1145 947 1348 1025 spiritualibus
1369 948 1469 1024 carpi-

293 1054 350 1109 tur.
372 1043 405 1108 ln
432 1055 535 1109 neutra
564 1054 662 1124 potest
682 1047 818 1120 felicitas,
837 1063 914 1125 quae
938 1061 1110 1124 supremum
1130 1055 1177 1108 est
1198 1048 1306 1109 bonum
1326 1044 1468 1116 bominis,

294 1144 440 1206 constitui.
455 1143 495 1206 Et
510 1159 579 1206 sane
593 1145 617 1206 si
632 1145 668 1207 de
686 1160 826 1222 corporea
847 1159 944 1206 sermo
964 1152 1020 1218 est,
1043 1144 1145 1222 nequit
1166 1145 1280 1206 aliter
1272 1161 1301 1204 un
1315 1159 1351 1204 ea
1365 1144 1468 1221 reponi

294 1242 429 1315 felicitas,
445 1243 501 1303 nisi
522 1243 639 1306 bomine
652 1242 690 1305 ad
705 1243 830 1334 gradum
845 1242 1020 1334 belluarum
1025 1242 1146 1328 deiecto
1163 1240 1274 1320 Nequit
1290 1243 1367 1304 euim
1383 1257 1471 1302 sum-

295 1355 376 1402 mum
401 1341 537 1404 bonum
529 1354 559 1402 ιι
581 1357 612 1404 re
611 1326 748 1403 sensili
771 1330 964 1414 constabiliri,
989 1341 1044 1404 uisi
1070 1356 1123 1418 pro
1144 1349 1220 1415 ente,
1244 1340 1324 1417 quod
1349 1348 1469 1417 praeter

296 1455 424 1513 sensum,
435 1439 508 1500 nibil
519 1441 626 1502 babeat
643 1439 875 1536 praestabilius
902 1447 1025 1548 uantum
1040 1438 1132 1516 igitur
1148 1440 1177 1498 iu
1191 1436 1310 1500 bomine
1324 1444 1406 1499 certa
1419 1446 1471 1498 est

295 1538 385 1598 animi
404 1537 568 1615 mentisque
588 1534 767 1611 exsistentia,
788 1545 877 1614 atque
973 1554 988 1598 s
1010 1552 1081 1613 prae
1102 1551 1188 1598 sensu
1210 1535 1363 1608 nobilitas;
1385 1543 1468 1596 taum

296 1634 363 1698 luce
383 1635 519 1698 clarescit
532 1634 647 1697 falsitas
661 1632 800 1712 Epicurei
823 1624 990 1697 comment.
1006 1633 1047 1698 Ut
1067 1634 1142 1696 nibil
1162 1634 1258 1696 dicam
1280 1634 1318 1695 de
1338 1632 1468 1710 turpitu-

295 1731 371 1806 dine,
387 1733 540 1805 brevitate,
555 1734 747 1810 oppositione,
763 1732 978 1806 vicissitudine,
993 1723 1159 1843 celsusque
1172 1732 1345 1806 defectibus,
1358 1732 1469 1810 quibus

295 1829 431 1907 voluptas
456 1845 596 1900 sensuum
617 1831 763 1905 abundem
784 1847 860 1910 quae
880 1833 978 1893 omnia
1000 1848 1017 1893 a
1039 1824 1128 1893 vei'a
1119 1829 1270 1917 felicitate
1290 1829 1397 1891 abesse
1417 1829 1471 1892 de

295 1927 372 1988 bent
388 1925 445 1991 Sed
466 1936 500 1990 ut
513 1928 629 1992 facilius
644 1945 691 1992 res
706 1929 878 2008 innotescat,
893 1930 960 2008 quis
975 1939 1021 1992 est
1033 1929 1076 1991 ita
1093 1927 1419 2046 moribnsdissolutuq
1437 1937 1472 1989 ut

295 2025 411 2102 optione
426 2027 587 2105 proposita:
610 2026 723 2091 nolitote
745 2030 869 2090 tontum
889 2026 1048 2107 uoluptate
1069 2024 1232 2103 tabescere,
1254 2042 1332 2088 oo
1408 2031 1471 2088 tenc

295 2126 326 2184 et
339 2123 500 2186 seientiam
520 2122 675 2204 uoluptati
694 2125 889 2205 oouiaupcrc,
910 2127 1041 2203 primum
1057 2140 1093 2188 ex
1113 2125 1163 2187 bis
1179 2126 1290 2203 optatis
1311 2125 1401 2203 selige
1438 2125 1468 2186 t?

296 2217 381 2291 Quod
402 2221 428 2281 si
442 2235 527 2284 nemo
541 2231 587 2284 est
602 2231 662 2284 tam
677 2224 796 2297 elfrous,
812 2230 843 2284 ut
858 2230 973 2300 praeter
986 2223 1169 2302 uoluptatem
1195 2237 1251 2284 nou
1273 2223 1353 2284 aliud
1373 2223 1413 2284 ιι·
1437 2238 1469 2284 m

295 2318 424 2396 optabile
444 2335 510 2382 esse
523 2321 663 2394 falcatum
685 2321 875 2402 perspicuum
896 2323 1025 2398 profecto
1046 2330 1093 2384 est
1114 2319 1283 2382 felicitatem
1304 2321 1333 2382 iu
1353 2336 1388 2384 ca
1407 2320 1471 2382 eol-

295 2416 386 2480 locari
408 2434 464 2481 uon
485 2433 578 2496 posse.
600 2416 710 2498 Nequit
730 2421 809 2482 euim
833 2419 959 2483 felicitas
987 2420 1017 2482 in
1039 2434 1070 2482 re
1091 2418 1240 2498 collocari,
1260 2434 1337 2498 quae
1358 2434 1410 2497 per
1436 2435 1472 2480 se

297 2514 379 2592 plene
399 2531 455 2578 nou
476 2515 593 2593 expleat
614 2517 787 2594 appetitum.
1263 2555 1271 2568 »

336 2610 399 2675 Νιι
413 2613 575 2692 quidquam
597 2616 760 2690 proficeret,
775 2617 826 2693 qui
842 2616 991 2694 corporeis
1012 2615 1138 2694 reiectis,
1160 2615 1197 2677 ad
1218 2604 1402 2693 spiritualem
1416 2615 1473 2676 de-

296 2709 480 2772 lectationem
502 2711 677 2790 confugeret.
699 2709 788 2785 Nam,
809 2721 842 2774 ut
861 2714 996 2776 omittam
1017 2721 1131 2775 ceteras
1150 2712 1308 2791 qualitates
1332 2713 1472 2790 proprias

297 2807 365 2867 linis
380 2805 485 2879 ultimi,
500 2823 574 2885 quae
588 2810 657 2872 huic
671 2810 759 2872 etiam
775 2811 896 2898 desunt3
912 2810 941 2872 id
958 2827 1048 2873 uuum
1063 2811 1137 2872 satis
1157 2818 1203 2874 est
1217 2809 1468 2872 animadvertere:

295 2903 541 2986 delectactionem,
561 2921 790 2986 quaecumque
780 2893 832 2990 sit,
853 2923 910 2970 non
930 2923 995 2970 esse
1021 2908 1169 2993 obiectum
1197 2907 1235 2971 ad
1264 2907 1343 2985 quod
1373 2906 1480 2986 adipi-'

298 2975 444 3064 scendum
459 3001 590 3076 nitimur
611 3003 661 3066 sed
679 2983 851 3092 effectum
848 2993 1003 3092 dumtaxat
1030 3013 1059 3067 ιι
1059 2982 1222 3068 naturale
1250 3005 1471 3068 consectarium

298 3099 462 3176 adeptionis
476 3101 592 3162 obiecti
608 3081 719 3184 Quare
727 3103 867 3165 constitui
888 3103 989 3189 nequit
1003 3111 1036 3165 ut
1050 3104 1116 3166 finis
1130 3103 1253 3166 aetionis
1255 3104 1349 3182 ,quin
1368 3119 1470 3165 rerum

298 3199 462 3260 strationis
476 3199 547 3288 ordo
564 3201 704 3262 turbetur.
722 3198 887 3280 Praeterea
904 3203 928 3261 si
945 3201 1100 3264 delectatio
1116 3201 1280 3280 spiritualis
1294 3200 1471 3264 felicitatem

298 3297 499 3370 constitueret,
520 3279 594 3360 ratio
615 3306 690 3360 esset
712 3306 942 3376 propterquam
965 3310 1061 3362 cetera
1085 3301 1158 3362 bona
1179 3308 1366 3378 appetuntur.
1388 3296 1473 3378 Ergo

297 3395 387 3457 etiam
409 3394 516 3456 bonnm
539 3395 694 3458 honestum
717 3405 837 3472 propter
857 3395 1079 3459 delectationem
1101 3405 1298 3475 appeteretur.
1321 3399 1473 3461 At-nemo

299 3507 354 3554 non
377 3492 464 3568 videt,
485 3492 592 3554 bonum
615 3493 781 3567 honestum,
797 3495 823 3554 si
839 3503 958 3571 propter
973 3495 1192 3557 delectationem
1209 3503 1374 3573 appetatur,
1389 3495 1474 3559 illico

299 3607 315 3652 a
337 3589 383 3652 sui
410 3599 516 3652 natura
540 3590 712 3654 desciscere.
738 3589 893 3654 Eiusmodi
920 3593 997 3659 euim
1026 3600 1082 3666 est,
1103 3601 1136 3654 ut
1163 3609 1218 3655 non
1241 3592 1298 3654 alia
1320 3593 1356 3655 de
1377 3609 1473 3656 eausa

297 3689 457 3766 optandum
479 3686 530 3762 sit,
549 3689 605 3751 nisi
626 3689 695 3766 quia
716 3689 809 3764 decet,
831 3684 946 3751 etiamsi
971 3689 1082 3752 nullam
1103 3691 1202 3752 animo
1223 3691 1405 3768 voluptatem
1427 3693 1475 3753 af-

298 3785 395 3848 ferret.
411 3783 517 3864 Quare,
532 3785 585 3848 etsi
601 3802 651 3848 nos
665 3787 748 3848 iuxta
762 3794 885 3848 naturae
900 3786 1030 3850 ordinem
1046 3787 1082 3849 de
1096 3788 1249 3866 adeptione
1264 3789 1331 3851 boni
1356 3791 1475 3851 bonesti

299 3881 436 3944 delectari
460 3884 620 3962 possimus3
642 3883 726 3948 ualde
747 3876 845 3946 tamen
867 3892 1088 3962 praeposterum
1114 3895 1200 3958 esset,
1222 3887 1248 3947 si
1269 3887 1307 3947 ad
1321 3886 1469 3958 eiusmodi

299 3979 519 4044 delectationem
542 3981 649 4044 bouum
677 3982 774 4059 ipsum
797 3982 955 4044 honestum
976 3983 1161 4046 referremus.
1184 3980 1234 4046 Sic
1254 3984 1305 4061 qui
1328 3983 1472 4046 virtutem

299 4086 426 4151 exercet,
440 4086 518 4141 recte
532 4078 568 4141 de
581 4080 722 4166 exercitio
742 4079 800 4143 hoc
821 4080 970 4158 gaudebit,
991 4095 1084 4158 neque
1108 4080 1220 4142 ideirco
1241 4081 1403 4158 vituperari
1418 4094 1475 4156 po-

300 4176 384 4250 terit;
404 4185 435 4238 ιι
456 4177 640 4240 vehementer
661 4179 888 4256 vituperaretur,
909 4181 934 4238 si
956 4187 1110 4255 propterea
1125 4192 1157 4238 se
1172 4176 1312 4240 virtutem
1332 4193 1473 4241 exercere

300 4274 421 4348 diceret,
442 4274 511 4351 quia
534 4275 712 4351 uoluptatem
734 4274 864 4354 aliquam
884 4277 951 4338 inde
971 4275 1111 4353 decerpit.
1132 4275 1179 4337 An
1202 4277 1255 4338 tibi
1282 4276 1421 4354 placeret,
1442 4279 1472 4338 si
