3159 4934
448 323 532 365 aanor
550 321 566 362 1.
585 323 620 364 on
638 320 778 364 socrnrnrn
796 321 942 365 nounsrrcn
1057 368 1060 373 ,
1254 311 1305 367 193

132 437 253 508 liberos,
274 451 310 498 ex
335 435 471 516 coniugio
498 445 663 514 susceptum
687 433 787 516 turriti,
809 452 885 514 quae
911 439 1045 516 exsurgit
1071 454 1108 501 ex
1137 439 1254 503 domiuo
1274 447 1305 502 et

130 533 263 610 famulis,
278 533 402 596 adscitis
424 534 462 596 ad
477 548 565 611 opera
580 535 767 611 praestanda,
783 534 955 612 parentibus
968 542 1000 596 et
1013 535 1113 598 liberis
1127 536 1302 599 necessaria.

131 629 248 695 Harum
272 632 360 693 trium
377 630 509 694 collectio
522 629 680 708 familiam
693 633 779 694 offert
794 630 910 709 plenam
924 640 954 694 ct
975 633 1142 709 perfectam.
1158 630 1199 696 Ut
1211 633 1304 712 igitur

131 730 211 793 hanc
232 728 428 802 enucleemus,
446 729 482 791 de
505 728 630 808 singnhs
650 729 795 806 partibus,
811 729 886 793 unde
907 732 1062 805 condatur,
1077 732 1238 810 separatim
1258 732 1305 794 di-

131 828 260 892 cendum
281 835 337 901 est,
358 843 392 890 ea
420 825 572 906 deligendo
592 842 669 906 quae
694 827 812 905 proprie
832 828 872 890 ad
899 829 946 890 ius
966 839 1089 892 naturae
1110 828 1255 907 pertinent
1274 839 1304 892 et

132 925 231 1006 magis
250 927 404 988 intersunt.

612 1103 781 1168 Anuouuus
802 1101 825 1167 l.

510 1235 559 1300 De
579 1241 699 1302 nutura
720 1237 923 1302 matrimonii.

173 1413 202 1479 i.
224 1412 299 1496 Ouid
314 1413 550 1483 matrimonium.
566 1415 785 1480 Matrimonium
800 1433 818 1480 a
833 1417 896 1480 iure
910 1432 1031 1481 romano
1043 1418 1200 1483 definitur:
1221 1418 1302 1484 Gon-

132 1515 254 1579 innctio
286 1514 347 1578 oiri
375 1517 407 1576 et
436 1514 555 1590 neoris,
588 1512 783 1578 indiuiduam
815 1514 898 1577 uitae
927 1513 1178 1578 consentaneam
1205 1518 1302 1580 eonti-

131 1629 212 1674 nens
227 1610 277 1691 (l).
294 1609 399 1675 Totum
413 1613 502 1686 enim,
516 1619 658 1690 quantum
680 1621 737 1684 est,
757 1612 897 1675 societate
917 1612 1106 1676 constituitur
1127 1629 1163 1676 cx
1184 1613 1301 1677 duabus

131 1710 266 1788 personis
286 1709 396 1772 diversi
425 1725 528 1785 sexus3
550 1725 625 1787 quae
651 1710 796 1772 constanti
823 1710 972 1774 iunctione
996 1711 1144 1789 integrum
1167 1719 1198 1773 et
1221 1726 1303 1776 com·

131 1807 245 1886 pletum
270 1807 446 1885 principium
474 1807 637 1879 edormeut,
661 1808 760 1884 generi
787 1808 917 1869 humano
939 1808 1126 1885 propagando
1152 1807 1300 1882 idoneum,

130 1905 248 1984 sibique
267 1912 371 1968 mutuo
392 1906 452 1966 sint
472 1903 592 1967 auxilio.
615 1901 737 1986 Sapiens
756 1901 836 1966 enim
849 1919 949 1967 rerum
969 1912 1072 1968 auctor
1091 1911 1123 1967 et
1141 1904 1302 1984 ordinator,

129 2002 224 2078 Deus,
245 2003 394 2066 bominem
418 2001 459 2064 ita
485 2002 625 2076 condidit,
646 2007 679 2063 ut
699 2017 772 2064 sexu
792 2002 994 2066 discriminato
1018 2002 1119 2065 cadem
1145 2009 1250 2067 natura
1270 2004 1301 2065 in

129 2103 191 2165 duo
213 2099 303 2164 veluti
325 2101 458 2165 subiecta
479 2099 720 2177 distingueretur,
734 2114 810 2177 quae
831 2099 912 2162 iuxta
933 2098 1023 2178 leges,
1043 2101 1081 2162 ab
1101 2115 1136 2164 co
1155 2099 1243 2176 latas,
1262 2101 1301 2163 ad

133 2199 277 2262 unitatem
306 2198 435 2277 aliquam
456 2197 691 2261 constituendam
720 2197 880 2260 tenderent.
902 2195 999 2270 Quare
1026 2199 1116 2260 etiam
1144 2199 1300 2276 utriusque

132 2297 282 2376 ingenium
302 2306 332 2360 et
351 2297 434 2359 dotes
454 2297 494 2359 ita
516 2295 673 2374 disposuit,
694 2302 728 2356 ut
749 2294 887 2372 utrinque
906 2295 1038 2358 levamen
1063 2303 1092 2359 et
1113 2295 1194 2359 uelut
1220 2310 1303 2359 com·

129 2395 311 2473 plementum
336 2394 458 2459 alterius
479 2395 646 2458 haberetur.
668 2390 746 2456 Hinc
766 2408 824 2456 non
845 2393 931 2457 modo
955 2395 1103 2472 susceptio
1127 2392 1247 2468 sobolis,
1268 2393 1300 2454 vi

130 2493 219 2556 cuins
242 2493 331 2556 homo
352 2493 576 2570 perpetuitatem
598 2490 744 2570 quandam
773 2491 830 2553 sihi
850 2499 999 2569 procurat,
1019 2507 1055 2553 ex
1076 2491 1212 2570 coniugio
1232 2506 1301 2569 pro·

129 2591 225 2663 cedit,
245 2605 347 2653 verum
371 2590 461 2654 etiam
481 2604 590 2662 omnes,
612 2597 675 2650 tum
701 2589 844 2666 physicae
866 2595 929 2650 tum
953 2588 1081 2652 morales
1100 2587 1299 2668 habitudines,

129 2689 240 2768 quibus
254 2688 300 2749 vir
313 2693 365 2749 aut
379 2686 483 2750 mulier
503 2696 633 2760 ornatur,
648 2687 691 2749 sic
713 2687 788 2748 inter
810 2701 843 2748 se
862 2687 1032 2749 harmonice
1045 2684 1248 2762 concultatur,
1264 2693 1300 2748 ut

128 2785 207 2848 aliae
227 2785 266 2848 ad
293 2785 371 2847 alias
399 2785 602 2864 temperandas
629 2800 664 2847 ac
693 2783 887 2861 perficiendas
914 2784 1024 2862 optime
1051 2785 1211 2848 conterant.
1233 2782 1299 2848 Non

128 2884 222 2962 igitur
235 2883 383 2946 immerito
396 2882 517 2955 dixeris,
531 2883 589 2944 hac
603 2882 742 2945 societate
756 2881 926 2945 mintionem
940 2882 1017 2945 effici
1032 2881 1123 2945 veluti
1136 2882 1296 2959 quamdam
1348 2875 1351 2879 ’

129 2981 257 3044 duarum
279 2979 530 3058 personalitatum,
550 2995 586 3042 ex
606 2996 665 3058 qua
686 2979 800 3058 integra
820 2980 967 3058 quaedam
992 2985 1022 3041 et
1049 2979 1178 3057 perlecta
1200 2993 1301 3056 perso-

129 3078 238 3140 nalitas
259 3084 400 3156 emergat,
419 3094 495 3156 quae
516 3078 644 3140 humano
665 3079 765 3156 generi
786 3078 843 3140 rite
863 3077 1089 3156 multiplicando
1109 3077 1150 3141 sit
1170 3085 1249 3156 apta,
1269 3085 1299 3141 et

128 3175 242 3238 mutuis
264 3175 391 3254 partium
412 3175 581 3254 indigentiis
602 3176 675 3238 mire
696 3175 879 3257 couveniens.
890 3173 1081 3255 Quapropter
1100 3177 1158 3240 etsi
1171 3175 1298 3240 essentia

127 3273 261 3352 coniugii
281 3275 312 3335 in
332 3275 389 3337 hoo
408 3265 536 3352 ponitur,
550 3273 629 3352 quod
644 3289 735 3337 unum
749 3280 779 3336 et
799 3273 981 3338 indivisibile
999 3275 1176 3353 principium
1191 3275 1298 3338 consti-

127 3379 232 3436 tuatur
253 3371 478 3452 propagativum
499 3372 620 3434 humani
641 3371 773 3450 generis;
788 3380 886 3435 tamen
908 3373 976 3436 duis
996 3373 1179 3452 adaequatus
1191 3379 1237 3436 est
1250 3387 1296 3435 so·

127 3469 207 3532 bolis
227 3470 376 3548 susceptio
396 3479 426 3533 et
446 3476 581 3531 mutuum
602 3469 746 3532 auxilium
766 3470 933 3549 coniugum.

555 3667 877 3768 naorosrrrouas

166 3862 195 3927 3.
218 3860 394 3928 Pnorosrrro
418 3861 458 3926 1⁸.
483 3861 724 3926 Matrimonium
751 3863 892 3943 requirit,
920 3861 1015 3940 qnasi
1040 3860 1291 3938 fnndmnmtnm,

125 3961 274 4028 inimum
294 3959 486 4027 dilectionem
505 3965 536 4024 et
552 3959 726 4041 perfeetum
745 3961 912 4040 coniugum
932 3959 1113 4022 amicitiam.

165 4059 254 4126 Proh.
277 4059 352 4125 Cum
374 4070 434 4124 tam
454 4068 537 4123 arcta
559 4060 599 4121 sit
627 4057 778 4122 societatis
798 4059 890 4120 huius
911 4056 1062 4136 colligatio
1081 4065 1111 4120 et
1132 4058 1293 4121 humanam

126 4159 220 4224 vitam
241 4167 302 4222 tam
322 4159 382 4222 late
402 4156 610 4236 complectens,
626 4154 725 4219 stabili
739 4154 897 4218 admodum
918 4155 1111 4219 fundamento
1120 4164 1149 4219 et
1165 4156 1296 4235 spatioso

172 4295 209 4357 il)
225 4293 445 4348 Institutionum,
461 4292 504 4342 hb.
520 4291 539 4349 1,
556 4291 593 4340 tit.
610 4289 652 4339 IX.

188 4383 361 4435 Laeanaronu
372 4409 404 4422 -
416 4381 526 4432 Etbicoe
541 4389 566 4429 et
582 4380 655 4429 iuris
671 4388 794 4428 naturae.
1203 4377 1233 4426 13
