3159 4934
255 271 340 316 curun
359 273 385 316 n.
406 273 439 318 ou
457 273 620 317 ornaurrous
638 275 748 349 nunnus
768 275 854 319 aanor
872 275 1021 320 onuuurua
1041 275 1067 318 ru
1084 278 1161 320 nuans
1259 267 1293 320 57

125 386 248 466 selagit;
269 403 337 449 oum
360 396 460 450 contra
482 387 612 450 omniunt
635 387 775 452 bonorum
806 388 952 450 iacturam
979 405 1015 452 ac
1044 398 1167 452 mortem
1195 393 1289 468 ipsam

128 487 276 564 praeferre
297 484 456 548 debuisset.
478 483 553 548 Mori
576 487 681 563 potius,
703 501 791 562 quarn
813 487 932 549 toedari.
1346 563 1351 573 ι

165 581 319 645 Iustodis.
332 582 398 646 iure
413 581 626 646 Pudendorfius
641 585 813 662 aequiparat
828 593 939 646 metum
954 585 1116 648 violentiae.
1128 584 1293 666 Utrumque

124 679 205 743 enirn
227 679 359 742 nascitur
381 695 417 744 ex
445 696 476 742 re
501 679 642 744 voluntati
671 683 828 756 contraria,
848 698 923 760 quae
948 683 977 743 iu
1008 683 1144 746 violentia
1171 684 1233 762 agit
1261 695 1294 745 ut

126 794 277 857 praesens
298 779 328 841 in
350 787 428 842 metu
448 779 511 858 agit
533 791 565 841 ut
584 780 693 842 iutura.

172 875 209 939 R.
224 868 315 955 Nape
331 877 510 955 paritatem.
527 877 675 940 Audiutur
696 877 727 941 S.
741 876 885 942 Thomas:
901 901 920 937 «
934 878 977 942 Ea
998 896 1074 958 quae
1094 890 1220 958 aguntur
1242 895 1293 956 per

136 982 248 1036 metum
270 982 300 1036 et
322 991 373 1052 per
394 975 463 1048 vim,
483 991 539 1038 uon
561 975 654 1040 solum
676 975 816 1038 diiierunt
834 978 995 1040 secundum
1009 993 1148 1055 praesens
1167 986 1196 1040 et
1216 979 1295 1040 iutu-

133 1087 211 1145 rum,
232 1071 283 1134 sed
304 1072 393 1134 ctiam
415 1073 575 1136 secundum
601 1075 667 1146 hoc,
688 1075 766 1152 quod
794 1075 824 1136 in
851 1090 896 1148 eo,
915 1076 994 1154 quod
1023 1078 1121 1153 agitur
1150 1092 1200 1153 ρετ
1224 1077 1294 1148 ritu,

134 1169 271 1233 voluutas
292 1187 348 1233 non
369 1172 523 1258 consentit,
539 1171 590 1234 sed
605 1174 720 1236 omniuo
741 1181 788 1236 est
807 1182 908 1236 contra
924 1189 1036 1238 motum
1051 1174 1222 1249 voluntatis3
1243 1175 1294 1237 sed

129 1268 171 1342 id,
185 1268 262 1346 quod
283 1285 334 1346 per
356 1277 466 1332 metum
487 1271 596 1348 agitur,
618 1273 652 1334 ut
675 1271 884 1351 voluntarium,
898 1272 965 1335 ideo
984 1272 1054 1351 quia
1076 1283 1175 1335 motus
1194 1272 1297 1335 uolun-

131 1365 204 1428 tatis
223 1367 316 1430 fertur
337 1367 367 1429 in
388 1368 498 1445 ipsum,
511 1367 580 1431 iicet
602 1384 656 1431 non
678 1377 798 1447 propter
818 1387 850 1432 se
871 1370 923 1432 sed
945 1379 1064 1447 propter
1081 1371 1171 1447 aliud,
1186 1370 1297 1432 seilicet

129 1463 171 1526 ad
192 1464 391 1543 repellendum
406 1465 514 1528 malurn
536 1467 614 1543 qued
631 1467 757 1529 timetur.
773 1465 1001 1529 Sufficitautem
1023 1467 1061 1530 ad
1082 1468 1224 1529 rationem
1246 1482 1297 1529 vo-

131 1561 264 1636 luntarii,
288 1564 366 1640 quod
388 1563 429 1626 sit
450 1573 569 1642 propter
589 1564 669 1626 aliud
692 1565 822 1628 volitum.
848 1562 1050 1628 Voluntariurn
1071 1567 1148 1627 enim
1169 1573 1216 1627 est
1240 1580 1296 1627 non

128 1659 224 1722 solum
239 1661 316 1738 quod
333 1669 450 1738 propter
465 1663 594 1740 seipsum
609 1663 744 1725 volumus
757 1671 791 1725 ut
805 1665 903 1735 finem,
914 1664 966 1724 sed
979 1664 1068 1725 etiarn
1082 1663 1160 1740 quod
1178 1671 1296 1740 propter

135 1757 215 1827 atiud
238 1757 383 1834 volumus,
399 1769 433 1820 ut
452 1769 570 1837 propter
590 1761 686 1824 tinem.
703 1757 787 1822 Patet
801 1775 871 1839 ergo
884 1761 961 1837 quod
977 1759 1006 1821 in
1020 1775 1064 1833 eo,
1079 1760 1157 1836 quod
1172 1775 1223 1836 per
1236 1761 1296 1820 rim

128 1856 239 1933 agitur,
255 1856 389 1919 voluntas
409 1857 529 1920 interior
551 1858 622 1920 nihii
645 1859 714 1936 agit.
730 1856 770 1920 Et
790 1858 855 1920 ideo
869 1854 1029 1936 Gregorius
1043 1855 1185 1921 Nissenus
1205 1858 1295 1920 dicit:

132 1954 224 2016 -ad
246 1955 458 2017 excludendum
480 1971 525 2030 ca,
545 1972 620 2034 quae
633 1971 694 2033 per
715 1964 826 2018 metum
847 1965 985 2034 aguntur,
999 1956 1028 2016 in
1050 1955 1216 2018 defiuitione
1237 1956 1297 2018 rio·

129 2051 202 2114 lenti
223 2069 280 2116 uon
301 2053 395 2116 ulum
417 2054 526 2117 dicitur
547 2055 624 2132 quod
649 2051 816 2118 violentum
845 2057 893 2116 est
920 2054 1009 2115 euius
1030 2053 1225 2132 principatum
1251 2057 1297 2116 est

129 2154 233 2226 extra,
255 2151 306 2213 sed
327 2151 445 2213 additur
466 2149 548 2214 uiuit
566 2151 741 2227 conferente
761 2152 823 2213 vim
840 2167 956 2229 passo·
968 2186 1007 2196 —
1020 2152 1090 2229 quia
1111 2152 1149 2213 ad
1164 2151 1204 2231 id,
1218 2152 1297 2229 quod

130 2247 233 2328 agitur
254 2265 305 2328 per
326 2258 446 2324 metum,
468 2250 603 2313 voluntas
623 2250 753 2313 timentis
773 2249 883 2328 aliquid
897 2250 1016 2312 ,confert
1031 2246 1082 2328 (t).
1098 2269 1116 2305 s

179 2343 273 2409 Odiic.
288 2345 324 2412 ii.
340 2347 424 2412 Sicut
444 2349 494 2426 qui
509 2350 639 2427 agitatur
654 2349 757 2412 timore
771 2348 843 2410 iacit
856 2347 898 2420 id,
912 2347 991 2424 quod
1005 2361 1090 2409 secus
1104 2362 1159 2409 non
1173 2347 1296 2418 taceret;

133 2445 175 2505 ita
196 2444 246 2523 qui
268 2447 398 2524 agitatur
419 2447 665 2525 concupiscentia.
686 2445 766 2525 Ergo
787 2446 866 2509 sicut
886 2447 915 2508 in
938 2445 1032 2522 primo
1053 2461 1125 2507 casu
1153 2445 1231 2506 actio
1252 2454 1298 2505 est

128 2543 346 2622 quodammodo
366 2543 569 2617 involuntaria,
591 2545 632 2607 ita
653 2547 741 2608 etiam
762 2546 791 2607 iu
813 2545 949 2606 seeundo.

173 2639 210 2704 R.
225 2637 315 2722 Nepo
325 2642 504 2720 puritatem.
520 2640 612 2704 Cuius
628 2643 789 2720 negationis
805 2643 849 2704 sic
863 2642 939 2703 ratio
954 2641 1085 2704 redditur
1099 2657 1115 2701 a
1127 2637 1157 2703 S.
1169 2637 1296 2704 Thema:

132 2763 152 2796 «
168 2738 202 2803 In
216 2755 259 2818 eo,
278 2741 328 2818 qui
348 2755 398 2817 per
412 2748 522 2804 metum
537 2739 648 2818 aliquid
662 2742 733 2818 agit,
748 2747 846 2802 manat
867 2738 1060 2816 repugnantia
1081 2738 1239 2801 vohuutatis
1260 2739 1297 2799 ad
1334 2749 1336 2753 ’

129 2839 163 2899 id
185 2837 263 2914 quod
284 2839 392 2916 agitur,
407 2837 569 2900 seeundum
583 2839 661 2916 quod
676 2838 705 2899 in
720 2853 752 2900 se
766 2837 979 2900 consideratur.
994 2833 1052 2899 Sed
1070 2837 1101 2897 iu
1113 2851 1159 2908 eo,
1171 2837 1224 2914 qui
1237 2837 1300 2912 agit

130 2933 249 3014 aliquid
270 2951 320 3012 per
341 2935 619 3013 concupiscentiam,
641 2935 718 2998 sieut
738 2944 784 2997 est
805 2935 996 3008 incontinens,
1016 2949 1073 2996 non
1102 2943 1199 2996 manet
1222 2934 1299 3010 prior

133 3033 278 3107 voluutas,
300 3049 358 3111 qua
380 3033 555 3111 repudiabat
574 3033 647 3095 iliud
667 3035 744 3111 quud
772 3033 1001 3110 concupiscitur,
1023 3032 1075 3094 sad
1103 3040 1234 3094 mutatur
1262 3031 1300 3093 ud

132 3130 291 3195 volendum
312 3131 343 3192 id
363 3131 441 3210 quod
464 3131 547 3208 prius
568 3131 749 3209 repudiabat.
764 3128 804 3193 Et
817 3131 883 3192 ideo
896 3129 974 3208 quod
990 3146 1042 3207 per
1062 3138 1173 3191 metunt
1192 3129 1299 3208 agitur,

131 3229 350 3308 quodammodo
364 3237 410 3290 est
424 3227 668 3302 involuntarium
684 3228 736 3290 sed
744 3229 829 3306 quod
844 3244 896 3306 ρετ
909 3228 1176 3304 concupiscentiam
1192 3227 1298 3306 agitur,
1387 3242 1389 3245 ·

136 3327 217 3390 nullo
237 3327 333 3389 ruodo.
355 3325 431 3388 Nam
454 3326 634 3389 incontinens
655 3327 683 3390 vi
704 3327 959 3403 concuspiscentiae
980 3325 1042 3403 agit
1062 3332 1164 3387 contra
1178 3324 1207 3385 id
1221 3314 1300 3403 quod

133 3423 218 3502 prius
238 3424 428 3503 proponebat,
449 3440 505 3487 nen
526 3435 624 3486 autem
645 3432 746 3486 centra
767 3424 798 3485 id
818 3423 898 3501 quod
918 3439 995 3485 nunc
1017 3423 1095 3496 vult;
1110 3422 1162 3485 sed
1178 3421 1300 3484 timidus

132 3523 202 3602 agit
222 3531 321 3587 contra
342 3523 382 3598 id,
404 3523 480 3600 quod
502 3523 591 3585 etiarn
613 3538 690 3585 nunc
712 3523 873 3586 meandum
896 3537 927 3584 se
948 3521 1012 3584 ruit
1025 3517 1076 3599 (ἓ).
1093 3540 1111 3576 s

184 3765 217 3826 (l)
236 3767 347 3815 Summo
365 3765 402 3814 tir.
422 3764 456 3813 1.⁸
474 3764 521 3814 23⁸
539 3779 561 3827 q.
580 3763 622 3821 vi,
639 3779 660 3812 a.
677 3763 700 3812 6.

182 3844 218 3908 (a)
234 3846 295 3896 rute.
313 3862 335 3896 a.
351 3846 366 3894 τ
382 3845 414 3894 au
431 3829 512 3895 adr
555 3844 581 3906 ρ,
723 3879 725 3888 .
771 3905 772 3910 η
