3159 4934
682 312 797 354 ruosx
1271 297 1324 354 373

168 422 288 479 111116.
310 424 385 494 Quae
402 440 435 479 ex
452 430 525 480 metu
541 425 623 492 fiunt,
637 443 801 496 quamquam
818 428 867 481 sub
886 428 980 496 aliquo
998 434 1121 495 respectu
1139 428 1266 483 involun-

216 579 220 586 ,
329 524 405 585 toria
421 522 561 589 dicantur,
575 532 725 593 propterea
743 526 824 595 quod,
844 526 901 580 nisi
921 532 1008 581 metus
1025 532 1141 594 maeret,
1159 528 1269 583 minime

326 622 439 690 floreum·
458 630 548 679 tamen
566 626 689 681 absolute
707 632 733 681 et
750 627 910 695 simpliciter
927 633 995 683 sunt
1011 628 1178 683 voluntaria.
1190 668 1196 682 .
1207 628 1267 698 Pag.
1288 628 1323 683 55

243 777 246 781 ,
310 721 463 778 Solvsmtur
475 723 650 790 difficultates
651 764 1240 783 ..................................
1252 749 1265 780 s
1287 726 1322 783 56

146 821 213 875 Ans.
248 819 289 882 tv,
307 821 352 876 De
363 822 524 891 principiis,
536 824 718 878 moralitatem
729 825 806 879 actui
821 825 939 879 bmnano
951 825 1177 893 impertientibus.
1191 825 1269 883 Actus

242 975 245 982 ,
295 920 434 981 ¹⁴bromlee
451 920 491 975 aiii
510 920 659 992 obligatorii,
671 921 712 976 alii
731 920 801 977 liberi
804 963 1239 979 .........................
1250 942 1263 977 1
1288 923 1321 979 58

167 1017 248 1074 Paos.
264 1018 288 1073 1.
309 1019 399 1073 Actus
416 1019 533 1074 humani
549 1022 731 1075 moralitatem
748 1022 895 1076 dmmnunt
911 1038 944 1077 eu
962 1023 1070 1091 obiecta,
1085 1039 1118 1077 ox
1130 1023 1186 1089 tine
1198 1028 1225 1077 et
1236 1040 1269 1077 erc

328 1119 542 1180 circumstantiis
543 1160 1239 1180 ........................................
1251 1141 1263 1174 1
1288 1121 1321 1178 ibi

203 1236 217 1267 s
264 1214 292 1272 1.
310 1217 378 1271 Etsi
396 1218 500 1274 dantem
518 1223 597 1277 actus
618 1218 735 1273 leumani
757 1220 904 1273 secundnm
926 1222 1038 1289 speciem
1057 1227 1084 1275 et
1100 1222 1267 1277 abstractam

326 1317 568 1371 coruidmalionem
585 1314 782 1383 indifferentes,
796 1318 891 1373 nullus
911 1325 1000 1374 tamen
1018 1320 1103 1374 lame
1120 1327 1199 1375 11111
1218 1321 1268 1377 ltu-

326 1430 425 1477 mamus
443 1413 605 1478 indifferens
622 1416 654 1471 in
671 1416 824 1483 individuo,
837 1432 885 1471 seu
902 1423 1022 1472 concrete
1040 1424 1186 1485 spectatus.
1198 1436 1263 1473 ...1
1287 1418 1322 1474 59

310 1513 464 1568 Solvuntur
476 1513 651 1581 difficultates
652 1554 1238 1572 ..................................
1250 1534 1265 1570 1
1286 1517 1321 1573 60

145 1612 213 1666 Ans.
258 1612 287 1666 ll.
307 1614 349 1667 De
365 1613 581 1681 imputribilitate
597 1614 736 1673 11111111
748 1615 941 1669 bumanorum.
953 1613 1017 1679 Quid
1035 1612 1221 1683 impatibilitas.
1232 1632 1262 1670 ,1
1286 1613 1317 1670 61

165 1709 245 1766 Paos.
263 1699 398 1768 i.'Homo
411 1714 559 1781 praeditus
576 1720 617 1768 est
634 1714 759 1769 libertate
759 1755 1240 1770 ............................
1252 1732 1266 1768 1
1286 1714 1321 1771 61

126 1840 130 1851 ·
201 1830 217 1862 ›
264 1811 290 1867 1.
309 1814 405 1879 Actus,
418 1814 474 1869 sive
484 1815 571 1869 bonus
583 1814 638 1868 sive
655 1815 756 1881 nialus,
768 1815 873 1869 bomini
887 1814 969 1868 libere
987 1815 1088 1883 aperiti,
1099 1814 1161 1869 iure
1178 1814 1265 1883 impu

327 1916 405 1966 tatur
409 1951 1240 1969 ...............................................
1252 1930 1266 1966 1)
1287 1912 1320 1968 ibi

201 2029 217 2064 1
263 2010 288 2067 3.
309 2012 358 2065 Ec
373 2013 556 2080 imputatione
573 2018 651 2069 actus
668 2014 729 2067 iure
748 2013 810 2067 laus
828 2019 879 2066 ant
895 2014 1062 2081 vituperium
1075 2014 1200 2082 emerpit..
1213 2031 1263 2067 ..v
1284 2010 1319 2068 63

203 2127 218 2162 1
265 2111 290 2167 i.
310 2111 377 2173 Etsi
393 2112 595 2179 imputribilitas
607 2127 667 2166 mem
680 2112 836 2166 moralitate
847 2128 951 2179 semper
962 2112 1155 2179 coniunpatnr,
1169 2112 1203 2165 ab
1215 2112 1267 2165 illa

301 2269 304 2273 A
326 2218 417 2267 mmm
435 2213 569 2281 distinqui
584 2213 659 2267 debet
658 2250 1239 2268 .................................
1250 2227 1263 2262 1
1286 2208 1322 2286 ihi

308 2310 462 2365 Solvuntur
475 2310 650 2377 difficultates
650 2349 1237 2367 ..................................
1249 2330 1263 2361 1
1284 2308 1320 2365 61

145 2408 211 2465 aar.
247 2408 287 2468 vt.
306 2409 350 2464 De
367 2410 462 2464 merito
480 2415 507 2465 et
523 2410 659 2464 demerito.
672 2407 736 2474 Quid
754 2409 873 2463 meritum
892 2408 929 2464 vel
947 2408 1094 2463 demeritum
1097 2448 1237 2463 .........
1250 2425 1264 2461 1
1285 2407 1320 2464 65

165 2507 247 2563 Paos.
264 2509 289 2567 1,
308 2509 400 2563 Homo
417 2509 523 2563 actibus
539 2508 598 2562 suis
611 2513 705 2578 potest
722 2508 801 2575 opud
817 2509 887 2563 alios
905 2508 1002 2563 mereri
1019 2508 1061 2561 vel
1075 2508 1220 2562 demereri..
1231 2525 1261 2561 .1
1286 2506 1319 2572 ibi

200 2622 215 2659 1
262 2603 287 2660 1.
307 2608 398 2661 Homo
414 2607 521 2663 cenom
537 2607 597 2661 suis
613 2607 711 2662 mereri
724 2612 818 2674 potest
834 2606 877 2660 vel
895 2606 1025 2660 demereri
1041 2608 1122 2661 etiam
1134 2606 1212 2675 apud
1222 2622 1263 2661 so·

325 2708 450 2764 mmmm
450 2744 1235 2763 .............................................
1248 2720 1260 2757 1
1284 2702 1319 2759 66

201 2826 214 2861 1
263 2806 288 2865 3.
308 2810 399 2864 Hmo
416 2808 522 2863 actibus
539 2807 599 2861 suis
615 2807 714 2861 mereri
726 2810 820 2874 potest
836 2806 879 2860 vel
897 2805 1026 2861 demereri
1043 2805 1122 2873 apud
1134 2804 1263 2860 Deum.»
1286 2802 1319 2859 ibi

307 2904 461 2960 Solvuntur
474 2904 649 2972 difficultates
650 2942 1236 2959 ..................................
1247 2922 1260 2957 1
1284 2903 1318 2959 67

145 3004 213 3061 111.
235 3002 285 3061 tu.
306 3005 349 3059 De
360 3004 546 3086 passionibus.
559 3001 624 3068 Quid
641 3000 788 3057 sensibilitas
801 3032 835 3041 -
848 2999 911 3067 Quid
927 3002 1007 3071 passio
1019 3034 1052 3045 -
1067 3000 1266 3073 masupimtbilis

321 3108 350 3157 st
361 3100 488 3156 irascibilis
499 3130 534 3143 -
547 3100 674 3156 Passiones
692 3101 769 3172 partis
786 3098 1032 3171 concupiscibilis-
1049 3100 1176 3157 Passiones
1189 3101 1265 3172 partis

324 3199 451 3257 irascibilis
461 3198 609 3255 -Errorm
621 3198 673 3254 duo
674 3233 1235 3257 ................................
1246 3216 1258 3253 1
1281 3197 1317 3253 68

164 3299 244 3355 Paos.
262 3298 287 3356 1.
307 3299 461 3364 Passiones,
470 3314 523 3366 per
541 3314 569 3353 se
585 3303 730 3366 spectatae,
746 3315 795 3353 nec
807 3299 893 3353 bonae
910 3315 959 3354 nec
970 3300 1058 3353 malae
1069 3306 1137 3353 sunt
1153 3299 1264 3353 morali·

325 3402 382 3463 ter5
399 3403 466 3452 sunt
482 3412 553 3462 vero,
567 3402 701 3466 mmmm
712 3398 858 3465 imperium
875 3399 994 3453 rationis
1012 3402 1182 3467 sequuntur..
1192 3440 1199 3453 .
1211 3441 1217 3453 .
1229 3414 1258 3451 ,1
1283 3397 1317 3453 ’11

201 3514 213 3549 1
263 3496 289 3553 1.
309 3496 458 3552 Passiones
475 3495 507 3549 in
524 3496 631 3551 bomine
644 3501 722 3565 epent
737 3497 919 3553 moderamime
930 3497 1049 3551 rationis
1051 3535 1236 3551 ...........
1248 3515 1262 3547 1
1284 3494 1317 3551 ibi

307 3594 461 3652 Solvuntur
473 3595 736 3677 difficultatesg....
819 3634 1163 3653 ....................
1176 3640 1178 3645 .
1192 3612 1261 3651 ...1
1283 3594 1317 3651 73

142 3698 283 3755 1111111.
303 3699 346 3753 De
362 3698 501 3752 babidbus
513 3704 604 3766 proed
619 3700 658 3752 ad
674 3714 761 3753 mores
777 3702 910 3765 spectant,
924 3712 972 3751 seu
988 3696 1020 3750 de
1031 3696 1134 3750 virtute
1145 3700 1172 3749 et
1184 3695 1261 3749 vitio.

325 3795 389 3862 Quid
406 3793 554 3851 habitus-
568 3795 631 3861 Quid
649 3796 728 3851 virtus
742 3824 772 3835 -
787 3793 851 3860 Quid
870 3794 957 3849 vilium
959 3830 1234 3849 ................
1245 3809 1258 3845 1
1283 3792 1317 3847 tl
1418 3788 1432 3807 “’

163 3895 245 3951 Pavo.
263 3896 286 3951 1.
307 3894 397 3950 Ηο111
415 3896 455 3949 ad
465 3892 589 3963 perfecte
606 3894 775 3963 operandum
791 3894 898 3962 iudipet
914 3893 1066 3947 virtutibus
1069 3930 1235 3947 ..........
1246 3906 1259 3944 1
1283 3888 1317 3945 ’16

192 3989 225 4046 's'
259 3995 285 4051 1.
311 3995 435 4049 Virtutes
451 3995 620 4050 naturaliter
641 4010 698 4048 nou
716 3994 910 4063 acquiruntur,
930 3993 988 4046 nisi
1004 4008 1058 4060 per
1076 3988 1263 4061 frequentiam

323 4098 433 4147 actuum
434 4131 1236 4149 ..............................................
1247 4108 1260 4144 1
1283 4088 1317 4145 ibi

199 4210 212 4243 1
262 4189 286 4245 3.
312 4191 409 4245 Virtus
426 4191 539 4245 moralis
557 4192 682 4246 consistit
704 4192 736 4245 in
755 4191 851 4257 medio,
870 4206 918 4245 seu
934 4192 966 4244 in
984 4191 1185 4260 adaequatione
1203 4208 1263 4247 cum

323 4290 419 4358 rapula
436 4289 556 4345 rationis
563 4329 1233 4345 ......................................
1245 4306 1259 4341 s
1282 4290 1314 4344 71
