3159 4934
304 297 357 354 art
625 312 667 353 rus
684 309 809 351 uarum
827 328 837 336 ·
855 309 922 353 raas
940 310 966 350 u.
986 307 1028 351 tus
1046 308 1154 350 motata

389 616 400 626 ἱ
695 534 928 605 PROPOSlTlO
950 536 1083 603 UNICA.

178 568 294 885 >s
346 714 413 781 tat.
434 716 577 781 Ecclesia
597 722 645 781 est
672 736 778 781 naum
799 718 961 799 imperium
986 716 1162 798 spirituale,
1183 718 1266 781 inter
1287 716 1434 781 homiues
1465 736 1487 779 a

301 812 369 879 Deo
390 817 602 894 coustitutum,
624 816 782 880 diuersum
803 815 928 880 omuino
948 814 988 879 ad
1007 815 1137 897 imperio
1157 814 1250 893 ciuili,
1268 834 1365 896 coque
1386 814 1487 896 lotape

298 916 531 995 praestantius.

345 1012 431 1078 Proh.
443 1011 528 1086 Quod
543 1014 582 1075 sit
596 1030 698 1077 verum
708 1015 864 1092 imperinm
880 1029 932 1091 per
943 1028 975 1075 se
989 1012 1093 1075 elucet.
1106 1010 1183 1076 Nam
1195 1019 1241 1074 est
1253 1010 1490 1111 Qietas,'

303 1112 492 1189 multitudiue
505 1118 535 1175 et
548 1111 724 1175 auctoritate
738 1118 886 1185 constans,
898 1110 1015 1189 proprio
1030 1112 1088 1173 fine
1101 1117 1131 1173 et
1144 1111 1314 1189 organismo
1330 1109 1487 1187 praedita.
1564 1160 1565 1193 ,

303 1209 391 1284 Quod
411 1225 481 1272 vero
500 1227 518 1272 a
539 1209 619 1272 civili
632 1192 780 1272 societate
800 1208 926 1283 diderat,
943 1207 1028 1272 lacile
1040 1192 1395 1285 'os'muditursslffitidem
1420 1207 1486 1285 ele·
1564 1202 1565 1213 ’

305 1315 402 1371 menta
423 1308 530 1382 omnia,
551 1307 660 1387 quibus
681 1307 831 1380 coalescit,
851 1307 890 1369 ab
910 1306 1063 1369 elementis
1093 1306 1272 1383 discrepant,
1292 1320 1369 1383 quae
1389 1304 1482 1368 illam
1506 1324 1519 1339 ·

303 1407 467 1470 efformant
479 1404 520 1469 Et
530 1420 610 1479 sane,
621 1406 752 1467 memora
764 1405 861 1467 civilis
872 1404 1022 1468 societatis
1034 1411 1103 1466 sunt
1114 1402 1249 1466 homiues
1262 1401 1484 1465 determinatae

304 1504 443 1584 regionis,
455 1512 485 1567 et
499 1504 597 1582 quoad
619 1511 739 1565 mutuas
754 1501 908 1564 relationes
927 1498 1053 1580 inspecti
1074 1500 1220 1564 inordina
1238 1514 1322 1563 mere
1335 1499 1481 1573 naturali

304 1602 436 1666 membra
457 1610 557 1664 autem
570 1598 721 1665 Ecclesiae
737 1609 805 1662 sunt
826 1599 943 1678 quidem
959 1600 1017 1677 ipsi
1039 1598 1182 1673 homines,
1197 1604 1227 1659 at
1242 1614 1297 1661 non
1319 1597 1408 1660 modo
1425 1612 1482 1675 per

304 1708 398 1764 mum
412 1700 513 1762 orbem
534 1698 643 1772 diffusi,
658 1698 711 1759 sed
731 1699 821 1760 etiam
843 1697 1020 1760 considerati
1035 1696 1064 1757 in
1085 1696 1189 1759 ordine
1210 1694 1431 1773 supernaturali
1449 1702 1482 1756 et

303 1797 400 1877 quoad
415 1796 570 1859 relationes
583 1812 654 1874 erga
669 1794 773 1869 Deum,
784 1802 936 1873 tanlquam
950 1793 1120 1858 eorumdem
1134 1807 1307 1872 supremum
1322 1792 1479 1877 dominu-m

304 1902 334 1958 et
354 1894 491 1983 ultimum
506 1895 603 1976 fipem.
618 1890 702 1957 Finis
717 1893 869 1955 societatis
886 1892 982 1955 civilis
996 1900 1040 1954 est
1053 1892 1181 1955 {elicitas
1195 1868 1478 1969 tempmrarffiss'tj'uae

304 1991 428 2069 emergit
441 2008 478 2053 ex
498 1990 659 2053 stabilitate
680 1990 918 2073 ordjpisgergterni
939 1997 971 2052 et
991 1989 1081 2052 tutela
1100 1989 1210 2052 iuriam
1232 1990 1310 2051 inter
1324 1986 1476 2062 homines;

305 2090 374 2153 tiuis
394 2086 547 2151 Ecclesiae
573 2096 618 2151 cst
638 2088 762 2151 felicitas
786 2101 904 2151 aeterna
923 2096 954 2151 et
975 2087 1208 2165 supernaturalis
1234 2087 1375 2161 fidelium,
1394 2102 1479 2165 qnae

279 2204 282 2209 ·
304 2187 429 2264 emergit
448 2202 485 2249 ex
506 2186 710 2263 procuratione
730 2185 846 2248 divinae
867 2186 976 2265 gloriae
993 2192 1023 2248 et
1043 2186 1276 2249 sanctificatione
1295 2186 1476 2249 animarum.

304 2284 476 2349 Auctoritas
496 2282 594 2345 civilis
614 2279 708 2345 allco
730 2284 860 2363 procedit
881 2285 933 2348 sed
956 2292 987 2347 ut
1007 2292 1128 2347 auctore
1149 2292 1199 2347 nat
1256 2300 1282 2359 e,
1296 2291 1326 2346 et
1346 2300 1362 2347 o
1385 2285 1477 2347 lactis

303 2382 444 2446 humanis
457 2388 488 2445 et
508 2381 660 2443 hominum
675 2380 810 2443 libertate
832 2382 939 2460 pendet
951 2301 1481 2461 quiidffmffifflegtmtusmr-

304 2496 398 2553 mam;
414 2478 577 2543 auctoritas
592 2478 788 2542 ecclesiastica
804 2494 822 2539 a
836 2477 897 2543 Deo
912 2478 1223 2557 procedamauotore
1237 2480 1360 2569 gratiae,
1374 2487 1404 2541 et
1418 2496 1479 2542 non

304 2579 392 2641 modo
412 2577 440 2639 iu
462 2593 495 2640 se
516 2577 613 2656 quoad
633 2592 697 2640 rem
717 2578 824 2654 ipsam,
850 2577 1010 2639 sedetiam
1031 2578 1129 2656 quoad
1150 2579 1315 2640 subiectum
1334 2578 1477 2655 specifice

304 2676 532 2750 consideratum,
540 2691 645 2752 nempe
658 2676 754 2753 quoad
769 2675 921 2753 regiminis
935 2676 1069 2749 sormam,
1080 2693 1155 2755 quae
1169 2694 1187 2739 a
1202 2676 1323 2741 Christo
1335 2678 1481 2741 determi-

306 2780 372 2835 nata
392 2781 446 2835 est.
468 2771 565 2846 Quare
585 2773 623 2837 ab
643 2772 763 2836 homine
783 2773 891 2836 mutari
912 2789 1058 2852 nunquam
1085 2781 1189 2851 potest.
1212 2772 1351 2837 Potestas
1372 2774 1472 2837 civilis

305 2876 457 2932 externum
478 2880 653 2950 apparatum
677 2870 853 2943 mediorum,
874 2870 968 2933 ordini
990 2871 1094 2934 morali
1116 2873 1339 2946 conferentium,
1357 2874 1478 2951 proprie
1567 2886 1568 2933 l

306 2963 435 3048 respicit,
446 2986 499 3032 occ
512 2969 602 3032 ullum
617 2971 762 3033 iolluxom
773 2970 885 3033 directe
899 2969 929 3032 in
942 2971 1040 3048 ipsum
1052 2972 1183 3035 ordinem
1197 2972 1337 3036 moralem
1349 2981 1478 3047 exercet

305 3074 438 3146 potestas
452 3064 603 3130 Ecclesiae
624 3084 680 3131 uon
696 3067 792 3130 solum
808 3075 960 3130 externum
976 3068 1028 3131 sed
1049 3070 1196 3133 internum
1215 3070 1305 3132 etiam
1326 3072 1476 3135 hominem

306 3158 358 3243 per
380 3180 413 3227 sc
432 3164 564 3241 respicit,
577 3181 613 3228 ac
634 3166 745 3227 directe
765 3165 863 3242 ipsum
886 3164 1017 3228 ordinem
1040 3166 1180 3231 moralem
1201 3168 1338 3246 attingit;
1354 3176 1419 3230 tum
1432 3184 1481 3242 ea,

189 3294 192 3301 ·
306 3279 383 3342 quae
404 3262 500 3324 sancit
520 3261 549 3322 in
572 3262 667 3341 terris,
689 3259 903 3325 confirmantur
923 3263 953 3325 in
981 3264 1080 3327 caelis.
1102 3262 1205 3327 Brevi:
1226 3280 1261 3327 ea
1281 3265 1384 3327 omnia
1404 3280 1480 3343 quae

306 3361 344 3424 ad
355 3368 510 3437 utramque
523 3358 691 3422 societatem
706 3362 862 3439 pertinent,
874 3360 943 3424 licet
956 3360 1078 3440 analoga
1093 3362 1152 3423 sint
1167 3369 1280 3441 mutuo,
1292 3369 1393 3425 mmen
1409 3370 1479 3425 sunt

305 3462 390 3540 louge
409 3460 540 3534 diversa;
563 3468 592 3522 et
614 3466 727 3521 tantum
748 3462 825 3524 inter
843 3477 877 3524 se
898 3461 1046 3534 differunt,
1068 3469 1213 3540 quantum
1235 3462 1352 3525 caelum
1366 3480 1385 3525 a
1401 3470 1479 3526 terra

306 3560 465 3637 discrepat,
486 3565 516 3620 et
536 3558 608 3622 ordo
629 3560 862 3636 supernaturalis
882 3575 899 3619 a
921 3558 1055 3621 naturali.
1079 3559 1178 3637 Atque
1198 3560 1268 3624 hinc
1290 3568 1373 3638 patet
1390 3562 1479 3624 etiam

307 3655 393 3719 tertia
414 3671 485 3734 pars
503 3655 722 3735 propositionis,
744 3673 847 3735 nempe
867 3656 947 3735 qnod
968 3657 1124 3733 imperium
1144 3656 1298 3721 Ecclesiae
1325 3660 1367 3721 sit
1396 3675 1481 3737 prae

306 3756 434 3817 stantius
448 3754 571 3832 imperio
585 3753 673 3838 civili.
689 3751 767 3815 Nam
782 3754 846 3817 eius
862 3754 930 3816 finis
945 3762 990 3817 est
1010 3755 1110 3829 altior,
1124 3754 1207 3833 origo
1225 3755 1363 3835 divinior,
1379 3768 1482 3821 exmu-

307 3854 352 3915 sio
371 3853 475 3925 maior,
496 3852 591 3915 media
619 3850 772 3930 nobiliora,
793 3852 960 3915 coniunctio
988 3853 1135 3915 sociorum
1165 3854 1304 3933 intimior,
1327 3872 1398 3919 cum
1424 3874 1481 3923 non

308 3950 394 4012 modo
420 3957 555 4013 exmmas
576 3949 767 4027 operationes
789 3950 842 4011 sed
869 3951 994 4013 allectus
1016 3949 1104 4012 etiam
1125 3949 1286 4013 voluntatis
1312 3958 1342 4015 et
1371 3956 1481 4018 meotis

309 4044 416 4107 iudicia
439 4048 593 4125 pertingat.
609 4043 714 4109 Omnia
736 4047 828 4126 igitur
845 4046 997 4120 elementa,
1011 4063 1087 4125 quae
1107 4047 1144 4107 ad
1166 4055 1303 4112 naturam
1325 4052 1480 4115 societatis

309 4140 444 4216 attinent,
456 4144 659 4208 excellentiora
674 4152 743 4207 suot
754 4145 785 4208 io
800 4144 962 4223 Ecclesiae,
973 4160 1062 4222 quam
1078 4145 1107 4205 in
1121 4142 1207 4207 Statu
1222 4146 1352 4224 politico.
