3159 4934
288 291 344 349 230
613 301 655 344 rus
673 299 800 343 necuere
817 317 827 326 -
846 297 916 341 nans
932 297 959 340 n.
978 296 1019 342 rus
1037 296 1144 340 muana

289 417 402 480 aetas
422 426 453 478 οι
472 413 636 494 generalius
658 431 770 492 corpas
786 411 951 492 politicum
966 412 1143 483 nominetur,
1158 425 1192 474 ea
1207 418 1261 490 est,
1276 411 1313 474 de
1333 427 1390 489 qua
1411 410 1463 474 bic

291 514 450 592 loquimur;
472 520 502 575 et
523 513 663 592 sineque
684 514 773 575 horno
793 527 848 574 nec
869 511 927 574 sibi
948 511 1023 573 satis
1052 509 1213 588 prouidere,
1236 525 1289 572 nec
1319 526 1371 571 sua
1396 509 1462 570 iura

294 612 379 686 tueri,
393 626 446 674 nec
460 611 585 673 aliorum
601 609 735 673 subsidio
749 609 894 672 stabiliter
909 610 962 688 uti,
975 624 1027 672 nee
1042 624 1075 671 se
1088 617 1177 687 atque
1190 604 1266 672 alios
1280 607 1317 670 ad
1333 607 1462 670 debitam

294 709 499 788 perfectionem
520 709 667 772 adducere
689 715 797 786 posset.

335 805 382 870 ld.
405 806 580 871 Pnorosmro
600 802 640 868 ι’.
661 803 800 869 Factum
820 805 966 869 naturale
994 809 1024 869 et
1041 804 1274 885 primigenium,
1295 821 1316 864 a
1336 820 1396 884 quo
1415 819 1469 864 so-

294 908 390 972 ceras
410 903 511 970 civilis
534 905 568 968 io
587 907 726 968 concreto
747 906 898 984 originem
918 902 1015 981 ducit,
1035 906 1085 966 cst
1104 903 1177 983 ipsa
1195 900 1396 980 familiarum
1425 919 1465 962 eac

295 1003 398 1070 mdccc
418 1004 526 1084 stipite
541 1003 739 1084 propagatio.

336 1103 423 1168 Prob.
444 1102 510 1168 Non
530 1119 680 1184 negamus,
701 1117 833 1179 eausam,
860 1115 937 1178 qnae
964 1098 1100 1178 politicae
1128 1099 1335 1162 consociationi
1363 1105 1466 1160 actum

295 1203 449 1280 impertiit,
468 1201 628 1281 generatim
656 1215 722 1265 esse
751 1199 884 1278 potuisse
911 1198 1037 1278 quodvis
1064 1198 1187 1273 facturn,
1210 1213 1247 1260 en
1274 1212 1335 1276 quo
1363 1205 1467 1259 mutua

297 1299 448 1363 bominum
468 1306 499 1361 et
518 1298 696 1361 familiarum
718 1297 782 1360 iura
805 1305 835 1360 et
854 1297 952 1361 officia
972 1297 1015 1360 ita
1036 1296 1204 1375 ligarentur,
1221 1303 1255 1358 ut
1272 1295 1465 1359 stabilitatem

297 1415 333 1462 ac
348 1413 447 1460 veram
462 1397 602 1459 unitatem
619 1395 780 1467 induerent,
795 1395 834 1458 ad
849 1411 1006 1458 commune
1020 1396 1126 1458 bonum
1140 1394 1263 1474 pacifice
1281 1400 1312 1458 οι
1332 1392 1469 1456 ordinate

298 1496 537 1574 comparandum
559 1493 713 1558 Eiusmodi
733 1495 855 1569 factum,
877 1509 932 1572 pro
953 1493 1093 1568 varietate
1097 1507 1316 1571 personamus,
1332 1491 1465 1554 locorum

299 1609 334 1658 ac
356 1604 600 1670 temporumn
551 1578 704 1669 multiplex
668 1607 789 1654 cesse
811 1591 916 1668 potuit
937 1585 1057 1655 Alicubi
1078 1591 1155 1653 enirn
1176 1591 1303 1682 fortasse
1312 1588 1391 1670 fuit
1395 1605 1469 1672 con·

234 1638 255 1758 (
293 1706 405 1755 sensus
426 1691 564 1792 plurium
574 1690 775 1785 familiarum
786 1689 861 1752 inter
889 1705 923 1750 se
949 1689 1127 1768 aequalium
1148 1705 1224 1768 quae
1226 1669 1294 1750 uel
1314 1702 1416 1750 amore
1437 1700 1468 1748 se

235 1833 238 1840 ,
300 1787 399 1852 tuendi
420 1783 520 1851 contra¹
534 1776 692 1867 proborum
705 1789 840 1866 impetus,
857 1787 904 1850 vel
917 1787 1064 1850 desiderio
1077 1787 1242 1850 communis
1262 1784 1388 1850 subsidii
1409 1793 1472 1848 sta·

302 1886 399 1950 biliter
418 1885 577 1965 obtinendi,
594 1887 639 1949 vel
661 1885 717 1950 alia
740 1887 845 1964 quavis
866 1887 903 1949 de
923 1902 1013 1949 causa
1035 1886 1065 1947 in
1086 1887 1265 1948 consortium
1281 1884 1472 1948 sitaecirilis

217 2005 244 2071 a)
302 1983 458 2062 paulatim
464 1999 631 2048 convenere
647 1982 739 2074 Alibi
742 1985 814 2047 oriri
833 1984 1140 2070 potnmexrrolentra
1142 1985 1279 2060 poterim
1300 1983 1466 2055 cuiusdam,

230 2081 351 2161 qui
373 2081 437 2144 iure
452 2080 525 2144 vel'
518 2081 623 2143 iniuria
640 2081 751 2144 uicinos
740 2065 901 2160 subegit,
915 2090 1003 2160 atque
1017 2081 1054 2143 ad
1069 2080 1236 2145 convictum
1252 2096 1321 2142 cum
1335 2081 1399 2142 suis
1414 2081 1472 2142 sub

278 2194 281 2200 ’
301 2181 419 2260 propria
441 2180 549 2244 ditione
569 2179 737 2242 adstrinxit
753 2175 832 2242 Oriri
853 2181 941 2243 etiarn
946 2179 1068 2273 potuit
1076 2195 1112 2257 eng
1115 2178 1472 2258 advenmperegrinan·

227 2281 245 2338 ὲ
301 2280 376 2342 tium
397 2289 450 2341 ant
470 2276 637 2341 colonorum
652 2275 877 2356 quorumdam(⁸
877 2271 936 2356 qni
942 2277 971 2340 in
994 2275 1172 2340 territorium
1195 2277 1468 2355 praeexsistentium

300 2377 464 2441 incolarum
485 2375 596 2454 recepti
626 2381 706 2450 sunt;
730 2374 774 2438 vel
800 2374 868 2437 eliis
893 2375 1128 2454 quibuscumque
1147 2375 1270 2449 eventis,
1290 2391 1368 2453 qnae
1395 2376 1471 2442 inter

252 2533 264 2552 ,
303 2491 443 2554 personas
453 2473 499 2537 vel
513 2473 639 2536 familias
653 2474 729 2536 fixae
744 2472 880 2536 societati
893 2472 1090 2537 efformandae
1100 2475 1280 2536 occasionem
1292 2472 1469 2537 obtulerunt.

305 2571 414 2637 Verum
430 2572 504 2636 baec
519 2571 639 2635 fortuita
655 2579 725 2634 sunt
738 2578 768 2633 et
782 2570 946 2644 mutabilia,
959 2585 1119 2648 eorumque
1136 2558 1292 2648 peculiaris
1309 2571 1473 2650 indagatio,

304 2687 356 2748 pro
378 2670 561 2750 singularum
582 2668 868 2748 rerumpublicarum
884 2669 1035 2732 nativitate
1056 2669 1255 2749 describenda,
1269 2686 1326 2733 non
1347 2671 1386 2733 ad
1407 2671 1473 2748 pbi-

305 2767 469 2844 losophiam
491 2768 543 2830 sed
565 2769 603 2831 ad
624 2768 780 2832 historiam
803 2767 936 2845 pertinet.

344 2863 401 2929 Hic
421 2866 534 2928 factum
548 2866 725 2944 quaerimus,
739 2865 819 2944 quud
835 2881 886 2943 per
901 2881 933 2928 se
953 2873 982 2928 et
1003 2867 1198 2930 necessarioa
1218 2876 1323 2931 natura
1339 2867 1475 2944 pullulet,

304 2971 439 3040 respectu
455 2965 585 3028 civitatis
601 2964 813 3044 producendae,
828 2963 965 3042 quodque
981 2972 1094 3027 ceterae
1109 2980 1215 3028 causae
1230 2964 1412 3029 subaudiant
1426 2982 1472 3038 ac,

306 3069 394 3140 prout
414 3069 546 3140 possunt,
573 3061 732 3125 imitentur.
755 3059 821 3125 Hoc
840 3063 953 3124 factum
973 3060 1054 3124 aliud
1077 3077 1134 3124 non
1155 3070 1201 3125 est
1222 3063 1395 3141 quidquam,
1416 3063 1474 3126 nisi

305 3158 483 3222 familiarum
505 3160 787 3240 propagationum,
802 3177 839 3223 ex
854 3160 948 3239 primo
962 3160 1064 3237 stipite
1088 3168 1171 3224 ortae
1187 3169 1338 3241 tamqnam
1361 3163 1475 3226 surculi

304 3266 334 3322 et
354 3257 439 3332 rami,
461 3254 587 3330 vincula,
608 3265 730 3320 naturae
751 3258 887 3321 menibus
908 3273 992 3328 nexa,
1012 3259 1089 3320 iuter
1109 3275 1141 3321 se
1162 3259 1335 3324 retinuerint
1349 3262 1387 3324 ad
1401 3277 1472 3324 con·

304 3357 438 3420 ferendas
453 3363 555 3418 mutuo
576 3356 663 3430 vires,
678 3364 717 3428 οι,
732 3357 856 3418 servatis
870 3356 1014 3433 cuiusque
1028 3356 1153 3430 iuribus,
1172 3358 1318 3420 communi
1333 3359 1472 3421 felicitati

305 3469 423 3534 operam
439 3454 612 3516 navandam.
627 3451 667 3515 Et
681 3468 751 3514 sane
765 3452 876 3516 familia
897 3455 939 3516 ita
960 3463 1005 3516 est
1023 3455 1149 3517 societas
1164 3456 1260 3532 quoad
1275 3457 1471 3520 domesticum

306 3569 412 3633 gyrum
434 3551 589 3630 completa,
612 3561 643 3614 ut
665 3559 762 3612 tannen
783 3561 921 3628 respectu
941 3552 1069 3614 bominis
1093 3551 1228 3616 absolute
1248 3553 1420 3632 imperfecta
1437 3555 1475 3615 sir

306 3661 336 3713 et
355 3650 393 3712 ad
415 3649 498 3728 plene
517 3648 756 3711 satisfaciendum
778 3649 917 3711 humanis
932 3649 1100 3727 indigentiis
1122 3650 1241 3713 minime
1256 3652 1416 3714 sufficiens.
1433 3653 1475 3716 At

306 3748 511 3825 imperfectum
525 3763 580 3810 non
594 3747 707 3810 idcirco
720 3763 737 3808 a
752 3755 857 3809 natura
874 3746 1067 3825 progignitur,
1082 3754 1116 3809 ut
1141 3747 1199 3810 tale
1221 3759 1406 3827 permaneam
1420 3750 1473 3812 sed

308 3845 383 3906 utin
399 3846 558 3922 perfectum
574 3843 721 3924 gradatim
738 3852 879 3918 mutetur,
894 3853 982 3923 atque
996 3845 1034 3906 ad
1050 3846 1108 3908 boc
1122 3845 1339 3910 inclinationem
1361 3847 1478 3924 recipit,

307 3957 325 4002 a
340 3957 397 4018 qua
413 3943 530 4006 assidue
551 3942 692 4022 incitatur
707 3951 736 4005 et
750 3951 948 4020 promovetur.
962 3929 1052 4020 Ergo,
1067 3943 1149 4006 iuxta
1164 3953 1285 4007 naturae
1300 3944 1432 4008 ordinem
1446 3953 1477 4008 et

308 4038 426 4101 insitam
447 4050 567 4104 naturae
587 4042 658 4116 vim,
680 4040 790 4104 familia
815 4041 876 4103 buc
905 4041 1007 4114 tendit,
1028 4049 1061 4103 ut
1085 4041 1115 4103 in
1141 4043 1320 4106 societatem
1341 4044 1478 4106 absolute

310 4135 467 4214 perfectam
496 4140 728 4212 transformetur,
750 4155 827 4216 quae
849 4138 962 4202 bomini
985 4139 1113 4202 iurando
1136 4145 1168 4202 et
1189 4140 1367 4219 perficiendo
1394 4140 1478 4220 plene

308 4239 457 4310 suppetat.
472 4231 554 4296 Haec
567 4235 725 4300 antcm'cst
749 4235 867 4310 civitas,
888 4235 934 4300 vel
955 4234 1107 4313 politicum
1128 4251 1247 4317 corpus,
1260 4238 1341 4318 quud
1363 4237 1477 4301 nonnisi
