3159 4934
327 287 381 345 208
650 300 690 342 vus
706 299 832 342 urrunnu
849 317 859 328 ·
877 298 945 341 unns
963 298 988 341 n.
1007 299 1051 342 rus
1069 295 1176 340 somata

328 419 430 483 ordine
451 417 665 496 supernaturali
688 415 938 495 contemplemur?
959 412 1179 478 Matrimonium
1194 430 1211 476 a
1226 410 1345 476 Christo
1358 419 1499 476 evectum

327 525 373 580 est
391 519 421 580 iu
441 513 575 579 Ecclesia
596 523 634 576 au
655 515 829 594 dignitatem
857 513 1043 577 sacramenti.
1066 511 1099 577 ld
1124 529 1209 576 nemo
1236 512 1363 576 inficiari
1389 522 1500 591 potest,

326 615 415 694 quin
413 613 504 680 troc
496 629 562 693 rpso
583 613 621 675 ab
641 611 793 675 Ecclesiae
814 611 1017 675 commuuione
1036 612 1193 674 desciscat.
1210 634 1228 670 ‹
1242 609 1275 676 Si
1295 610 1364 690 quis
1385 612 1501 675 dixerit

326 705 546 778 mittnrrouium
567 721 624 820 nav
644 725 711 773 esse
731 725 801 772 vere
820 716 850 773 et
871 710 988 788 proprie
1012 725 1102 772 uuum
1123 725 1140 772 e
1161 717 1274 788 septem
1294 707 1499 774 Sacramentis

326 811 401 890 legis
421 789 617 888 evangelicae,
639 825 655 871 a
677 806 798 871 Christo
813 805 937 871 Domino
950 807 1128 882 institutum,
1149 808 1201 871 sed
1216 809 1254 872 ab
1274 808 1477 872 hominihus
1468 827 1498 872 ru

327 909 461 973 Ecclesia
482 908 643 980 inventum,
664 921 757 985 neque
777 907 904 984 gratiam
925 907 1064 978 conferre,
1078 907 1236 969 anathema
1251 906 1291 968 sit
1305 904 1357 984 (1).
1368 927 1386 964 ›
1399 906 1498 986 Atqui

226 1033 230 1042 ·
326 1006 525 1079 Sacramenta,
551 1012 652 1082 utpote
676 1004 715 1066 ad
742 1003 913 1082 religionem
941 1004 1070 1066 maxime
1099 1003 1285 1082 pertinentia,
1302 1003 1382 1068 nullu
1403 1005 1497 1069 modo

275 1141 276 1144 =
327 1105 523 1168 subiiciuntur
545 1103 681 1181 potestati
703 1101 794 1177 civili,
814 1102 865 1164 sed
880 1101 943 1165 sola
957 1101 1134 1188 aucmn'tate
1153 1101 1354 1164 ecclesiastica
1375 1109 1496 1180 tempe-

326 1210 438 1264 rantur.
459 1199 538 1280 Ergo
559 1201 787 1274 matrimonium,
801 1201 831 1262 in
846 1216 878 1262 se
892 1207 1068 1278 spectatum,
1089 1199 1171 1262 civili
1193 1195 1331 1277 posnan
1352 1201 1496 1264 nunsula

326 1301 416 1380 ditur,
437 1300 488 1363 sed
508 1306 621 1362 tautum
635 1299 793 1363 Ecclesiae.
813 1297 898 1374 Quod
912 1307 1120 1379 argumentum
1140 1307 1239 1362 tantae
1260 1298 1423 1363 evidentiae
1437 1308 1497 1372 est,

329 1410 363 1462 ut
384 1399 517 1477 pluribus
538 1399 707 1462 conlirmari
728 1414 784 1462 uon
799 1405 894 1476 egeat.

705 1607 1112 1698 Solvunturldifficuitatas.

367 1790 412 1856 18.
439 1789 530 1854 Obiic.
547 1790 568 1854 l,
585 1790 672 1854 Ratio
694 1787 875 1853 Sacrameuti
897 1790 1029 1867 separari
1044 1795 1140 1866 potest
1154 1803 1171 1849 a
1186 1788 1298 1852 ratione
1312 1794 1490 1851 conuectos

319 1890 358 1954 ld
373 1905 442 1954 vero
458 1891 483 1952 si
498 1892 560 1964 liat,
575 1873 796 1953 matrimonium
811 1886 917 1950 subiici
935 1888 1040 1965 poterit
1054 1885 1222 1949 auctoritati
1237 1885 1328 1961 civili,
1339 1892 1489 1964 tamquam

325 2003 424 2050 merus
445 1993 625 2050 contractus.
1066 2061 1069 2066 .

364 2084 402 2150 R.
423 2082 505 2149 Haec
525 2085 649 2146 obiectio
670 2083 781 2160 duplici
803 2073 944 2160 exparte
958 2080 1084 2166 vacillat,
1102 2078 1245 2154 Primum,
1259 2080 1329 2158 quia
1343 2079 1414 2142 ratio
1428 2075 1483 2141 Sa·

325 2183 467 2248 crementi
487 2182 566 2244 nullo
586 2182 672 2244 modo
693 2183 823 2259 separari
844 2188 941 2258 potest
960 2180 1111 2243 aratione
1131 2186 1320 2253 contractus;
1334 2184 1488 2257 propterea

325 2282 402 2359 quod
413 2283 476 2358 ipse
486 2287 656 2344 contractus
670 2287 790 2343 evectus
804 2268 898 2342 estad
911 2276 1143 2352 Sacramentum,
1154 2292 1207 2339 seu
1218 2277 1247 2338 in
1263 2275 1487 2340 Sacramentum

325 2395 491 2443 conversus.
514 2375 606 2443 Secos
627 2393 683 2441 non
707 2377 806 2455 ipsum
821 2377 1052 2450 matrimonium,
1066 2377 1144 2455 quud
1159 2381 1238 2438 certe
1252 2391 1320 2437 curu
1333 2382 1489 2438 contractu

325 2476 521 2548 confunditur,
546 2475 693 2539 diceretur
719 2489 784 2557 esse
809 2473 1045 2548 Sacramentum3
1072 2474 1125 2538 sed
1152 2471 1378 2537 Sacramentum
1404 2481 1485 2536 esset

324 2574 452 2653 qualitas
473 2574 570 2652 aliqua
591 2573 777 2636 matrimonio
798 2572 936 2635 adiuncta
960 2572 998 2633 ad
1018 2573 1117 2650 ipsum
1137 2570 1360 2650 nobilitandum,
1381 2579 1414 2633 et
1428 2572 1491 2634 sine

324 2688 382 2750 qua
405 2673 634 2745 matrimonium,
655 2671 692 2733 ad
713 2670 870 2733 essentiam
885 2671 962 2748 quod
982 2668 1116 2748 pertinet,
1130 2685 1186 2732 nou
1200 2675 1359 2732 corrueret.
1375 2667 1411 2733 ld
1425 2682 1495 2732 vero

324 2770 515 2832 falsissimum
535 2778 579 2833 est
601 2791 619 2826 e
635 2766 787 2832 Catholioa
808 2769 942 2831 doctrina
955 2776 1003 2830 est
1017 2765 1240 2831 Sacramentum
1263 2781 1318 2829 non
1339 2782 1405 2829 esse
1420 2784 1497 2846 qua·

287 2936 291 2946 ,
324 2867 448 2940 litatem,
461 2883 537 2947 quae
552 2869 717 2931 contractui
731 2867 859 2941 accidat,
873 2866 924 2929 sed
939 2866 976 2928 ad
991 2866 1085 2946 ipsius
1099 2865 1243 2944 pertinere
1261 2865 1436 2939 essentiam,
1449 2868 1490 2926 ita

326 2972 358 3026 ut
378 2965 538 3043 coniugalis
558 2966 683 3028 societas
703 2967 780 3027 inter
794 2962 977 3044 Christianos
998 2964 1039 3026 sit
1057 2964 1189 3047 legitima
1211 2971 1326 3026 tantum
1338 2966 1370 3025 in
1385 2960 1493 3028 Sacra·

323 3071 422 3127 mento
439 3065 627 3136 matrimonii,
640 3081 675 3126 ac
690 3072 806 3142 praeter
826 3060 1049 3125 Sacramentum
1072 3078 1128 3125 non
1150 3064 1304 3135 habeatur,
1325 3062 1381 3124 uisi
1397 3078 1495 3141 purus

323 3161 535 3224 concubinatus
550 3158 600 3240 (i).
616 3184 634 3218 »
650 3159 760 3226 Deinde
781 3161 900 3224 vacillat
912 3160 1037 3224 obiectio
1057 3175 1095 3222 ex
1108 3175 1152 3239 eo,
1166 3159 1244 3238 quod
1259 3160 1494 3233 matrimonium,

323 3258 440 3322 etiarnsi
451 3266 484 3321 ut
494 3267 663 3331 cnrrtractus
675 3259 907 3322 mereuaturalis
918 3257 1129 3336 consideretur,
1141 3259 1278 3336 potestati
1289 3252 1370 3321 civili
1383 3257 1494 3322 subiici

323 3357 433 3435 nequit.
459 3355 588 3432 Etenim,
609 3357 856 3435 quemadmodum
883 3371 973 3434 supra
996 3357 1151 3434 probatum
1172 3364 1228 3431 est,
1247 3355 1337 3418 etiam
1358 3357 1417 3418 sub
1441 3357 1494 3420 tali

324 3455 556 3519 consideratione
570 3470 618 3518 res
633 3465 687 3530 est,
703 3472 778 3534 quae
789 3462 896 3518 natura
909 3471 964 3517 sua
978 3455 1016 3518 ad
1029 3454 1077 3516 ius
1090 3454 1277 3531 individuale,
1293 3454 1494 3520 domesticum

323 3561 354 3616 et
374 3553 545 3632 religiosum
568 3553 703 3631 pertinet

372 3787 406 3848 (l)
428 3785 579 3836 Concilium
597 3787 799 3841 Tridentinum,
815 3787 886 3837 Setis.
902 3785 994 3843 XXVI,
1008 3801 1063 3836 cau.
1080 3787 1097 3834 l.

370 3865 406 3927 (2)
422 3865 469 3916 SS.
484 3865 515 3916 1).
531 3866 561 3916 N.
578 3865 640 3916 Prus
658 3867 699 3925 lX,
715 3867 747 3914 in
769 3867 868 3914 litteris
890 3867 926 3915 ad
950 3868 1055 3929 Rapum
1081 3865 1234 3918 Sardiniae,
1261 3864 1328 3914 detio
1347 3864 1416 3914 xut.
1439 3864 1498 3913 Kal.

258 3935 261 3941 ’
325 3943 412 3994 Octob.
429 3945 497 3996 1852.
514 3946 579 3995 Vide
597 3947 673 3995 etiam
689 3947 887 3994 Allooutionem
902 3946 1015 3994 habitum
1026 3945 1057 3994 V.
1067 3945 1124 3994 Kal.
1141 3944 1229 3994 Octob.
1246 3934 1359 3995 eiusdem
1376 3946 1448 4002 unni,
1465 3959 1496 3993 ec

324 4022 443 4072 Litterae
464 4027 636 4088 Apostolicas,
661 4025 702 4074 XI.
728 4023 784 4073 Kal.
806 4024 935 4088 Septemb.
952 4024 1065 4074 1851.1n
1083 4024 1395 4074 Sillubiautemnumero
1410 4023 1495 4072 LXVI

228 4103 231 4110 “
324 4102 446 4152 damnata
461 4113 499 4154 est
516 4121 533 4155 a
548 4106 594 4154 Pio
605 4106 639 4154 IX
650 4106 714 4154 haec
724 4104 878 4169 propositio:
889 4105 1101 4154 Matrimonium
1110 4113 1309 4154 sacramentum
1320 4118 1378 4156 non
1390 4113 1429 4154 est
1440 4105 1498 4153 nisi

325 4181 393 4244 quid
409 4186 559 4233 contractui
574 4186 750 4234 accessorium
765 4186 800 4234 ab
814 4199 894 4248 enque
909 4185 1066 4248 separabile,
1084 4185 1226 4248 ipsumque
1243 4192 1448 4256 sacramentum
1466 4185 1497 4232 in

325 4277 384 4312 una
402 4270 507 4312 tantum
525 4265 647 4327 nuptiali
663 4265 935 4315 benedictionaaitum
951 4275 997 4315 cst.
