3159 4934
309 393 363 449 ale
631 409 672 452 ros
688 408 837 450 urrunnu·
853 408 921 452 elus
938 409 963 451 u
982 408 1025 452 rus
1043 408 1149 452 sontem

312 531 385 595 test;
407 530 497 600 atque
518 531 551 586 ut
572 538 624 602 per
644 522 737 603 legem
760 522 999 599 determinentur,
1018 523 1084 584 iure
1103 521 1141 583 ad
1162 528 1340 599 potestatem
1362 518 1487 598 legisla-

311 620 401 684 tivam
423 623 557 684 refertur.

350 715 399 782 84.
422 715 494 785 Eius
515 715 667 787 obiectum
689 722 721 784 ei
741 713 863 785 limitet.
878 717 1019 781 Exclusis
1040 719 1131 796 igitur
1151 718 1249 789 rebus,
1270 731 1347 795 quae
1369 715 1409 778 ad
1424 715 1489 777 ior-

310 831 389 879 mam
404 818 500 895 ipsam
516 817 650 894 guberuii
671 816 869 880 renouandam
889 817 1026 889 attinent;
1040 817 1070 878 iu
1086 816 1124 878 iis
1137 815 1274 880 omuibus
1290 814 1418 892 spatiari
1433 829 1486 891 po-

310 915 381 978 terit
400 915 565 995 legislativa
591 922 731 994 potestas,
751 930 827 994 quae
848 915 886 977 ad
905 915 1103 992 operationem
1125 912 1262 976 socialem
1285 912 1484 975 exercendam

311 1013 357 1090 rel
378 1013 433 1075 rite
459 1013 641 1093 dirigendam
667 1010 834 1076 necessaria
863 1020 932 1074 sunt
959 1021 1011 1074 aut
1030 1014 1119 1074 etiam
1139 1020 1314 1088 opportuna.

350 1110 415 1187 Qua
435 1114 465 1175 iu
486 1129 520 1192 re
538 1113 604 1174 buis
619 1113 756 1190 politicae
771 1112 922 1176 societatis
936 1126 1051 1187 semper
1065 1127 1136 1188 prae
1150 1110 1244 1172 oculis
1259 1109 1364 1171 baberi
1380 1108 1489 1180 debet,

310 1216 401 1288 atque
419 1209 525 1272 exinde
546 1211 611 1272 novi
633 1209 742 1272 limites
763 1217 952 1272 enascuntur,
967 1206 1044 1271 Nam
1060 1195 1287 1271 cum‘ditssmodi
1303 1207 1375 1268 buis
1388 1206 1485 1269 ordini

310 1307 417 1370 morali
428 1307 593 1380 subiaceat;
606 1307 679 1370 nibil
689 1309 803 1370 sancire
814 1306 977 1370 auctoritas
992 1314 1096 1383 potest,
1107 1306 1186 1385 quod
1199 1320 1316 1367 morum
1333 1303 1485 1366 nonestati

310 1419 346 1466 ac
367 1405 424 1484 legi
446 1405 561 1467 divinae
574 1404 743 1468 reluctetur.
759 1401 809 1467 Sic
821 1405 899 1466 euim
920 1418 977 1465 uon
999 1403 1201 1474 benebca·sed
1223 1402 1362 1464 malefica
1381 1416 1484 1464 revera

310 1510 399 1575 esset,
419 1517 454 1564 ac
476 1518 528 1580 per
550 1518 582 1564 se
602 1503 667 1579 ipsa
688 1512 851 1576 corrueret;
873 1501 983 1579 quippe
997 1517 1066 1564 cum
1089 1501 1119 1561 in
1141 1493 1381 1562 tantumniiffet
1394 1500 1488 1567 robur

309 1600 427 1675 babeat,
449 1600 478 1662 iu
498 1607 640 1678 quantum
661 1600 725 1662 iure
739 1600 819 1678 uiget
840 1599 965 1661 ducendi
988 1599 1083 1662 socios
1098 1601 1129 1660 iu
1151 1600 1239 1661 linem
1258 1605 1404 1659 anatura
1420 1611 1490 1674 pro·

311 1700 451 1778 positum.
946 1688 982 1698 “”
1096 1685 1306 1710 ””“””’”””

275 1855 282 1872 ,
349 1795 472 1870 Deinde,
493 1813 560 1860 cum
582 1797 711 1860 ordinem
733 1796 871 1860 socialem
893 1798 1021 1859 externis
1044 1798 1160 1870 mediis,
1181 1813 1257 1875 quae
1275 1795 1488 1858 tantummodo

310 1894 341 1954 in
356 1900 502 1970 potestate
515 1893 642 1956 hominis
656 1903 734 1968 suut,
749 1909 907 1972 procurare
918 1895 1036 1982 debean
1050 1895 1097 1958 lex
1111 1895 1267 1957 extendere
1282 1910 1315 1957 se
1328 1894 1431 1971 nequit
1445 1893 1488 1954 ad

311 2008 356 2066 ea,
377 2007 452 2070 quae
472 1992 584 2056 interna
600 1991 710 2054 bomini
724 1999 802 2070 sunt,
816 1998 845 2054 et
858 1991 920 2056 solo
934 1993 1129 2055 conscientiae
1152 1993 1266 2055 ambitu
1287 1992 1485 2054 continentur-

311 2087 396 2162 Quod
407 2105 463 2152 non
479 2089 598 2166 perinde
610 2087 830 2166 intelligendum
842 2098 897 2162 est,
908 2090 992 2166 quasi
1003 2090 1211 2152 conscientiam
1223 2090 1358 2152 indirecte
1368 2086 1484 2148 saltem

311 2187 374 2250 suis
396 2187 650 2264 praeceptionibus
664 2202 720 2248 non
741 2186 919 2264 adstringat.
935 2183 968 2248 ld
984 2187 1061 2248 enim
1084 2187 1239 2250 manifesta
1253 2186 1376 2248 falsitate
1395 2183 1490 2247 labo·

311 2292 366 2348 rat.
388 2283 476 2359 Nam,
491 2299 558 2347 cum
579 2284 749 2356 auctoritas,
771 2289 802 2346 ut
817 2282 890 2345 alias
904 2283 1044 2357 diximus,
1058 2301 1076 2346 a
1092 2281 1152 2347 Deo
1167 2285 1325 2363 procedat;
1338 2280 1490 2359 quisquis

310 2382 480 2446 auctoritati
503 2380 697 2444 obedientiam
712 2380 883 2458 denegando
897 2381 1018 2459 resistit,
1034 2381 1153 2444 divinae
1166 2379 1341 2444 ordinationi
1356 2378 1490 2455 resistit,

311 2487 401 2558 atque
421 2480 488 2541 ideo
509 2494 608 2540 revera
624 2484 736 2566 peccat.
751 2467 809 2541 Sed
830 2485 945 2540 tantum
970 2478 1013 2540 sic
1027 2475 1150 2556 intelligi
1165 2467 1261 2556 debet,
1277 2485 1426 2554 quatenus
1443 2477 1492 2537 di·

312 2586 392 2642 reote
406 2575 502 2642 ciuilis
514 2572 700 2640 auctoritatis
712 2584 869 2653 praecepta
884 2577 997 2640 nonnisi
1008 2584 1144 2638 externas
1157 2575 1288 2638 actiones
1302 2573 1490 2650 respiciunt;

313 2685 397 2740 actus
410 2676 487 2738 euim
502 2675 552 2753 qni
572 2675 677 2736 interni
688 2673 806 2736 omuino
820 2681 898 2748 suut,
910 2673 1068 2736 humanam
1083 2673 1177 2736 aciem
1193 2688 1313 2750 prorsus
1323 2671 1491 2748 effugiunt,

314 2788 348 2835 ac
370 2773 490 2850 proinde
504 2771 717 2850 gubernationi,
731 2786 808 2848 quae
828 2785 909 2833 mere
922 2773 1051 2833 bumana
1066 2771 1114 2846 sit,
1130 2770 1237 2832 subiici
1257 2777 1420 2852 nequeunt.

354 2867 485 2933 Tandem
500 2887 567 2933 cum
578 2871 607 2932 in
622 2870 735 2932 mutuis
745 2871 936 2934 relationibus
950 2871 1026 2934 iuter
1040 2872 1174 2933 immines
1185 2867 1371 2932 moderandis
1383 2868 1491 2930 civilis

314 2975 445 3046 potestas
466 2975 615 3040 versatum
638 2967 805 3056 immiscere
819 2983 852 3030 se
872 2968 974 3046 nequit
994 2969 1083 3031 rebus
1096 2969 1144 3041 iis,
1164 2983 1240 3044 qnae
1261 2965 1423 3029 relationes
1444 2983 1492 3029 re·

313 3063 442 3144 spiciunt
456 3065 584 3127 bominis
599 3065 637 3126 ad
651 3062 764 3139 Doum;
784 3079 910 3143 quarum
926 3065 1141 3128 administratio
1162 3065 1200 3127 ad
1215 3064 1429 3127 auctoritatem
1446 3081 1497 3128 re-

314 3164 449 3242 ligiosam
463 3162 597 3238 pertinet,
611 3163 647 3224 de
661 3178 717 3239 qua
729 3163 759 3223 in
774 3164 861 3224 tertio
875 3163 972 3239 capite
993 3163 1083 3224 buius
1104 3163 1172 3225 libri
1193 3163 1383 3225 disseremus.
1397 3161 1490 3237 Quod

240 3299 241 3302 =
314 3277 370 3325 non
391 3260 432 3321 ita
453 3257 575 3334 intelligi
597 3259 692 3332 debet,
718 3261 804 3338 quasi
829 3268 955 3338 nequeat
978 3259 1074 3322 civilis
1100 3268 1230 3337 potestas
1256 3261 1409 3323 sanctione
1436 3279 1493 3326 sua

315 3363 490 3426 confirmare
510 3361 639 3434 decreta,
659 3376 734 3439 quae
755 3377 772 3422 a
801 3368 946 3440 potestate
965 3362 1165 3425 ecclesiastiea
1192 3363 1313 3424 delinita
1343 3373 1429 3427 sunt.
1463 3365 1495 3430 ld

314 3460 391 3523 enim
414 3459 542 3535 prolecto
557 3456 627 3520 licet
647 3466 676 3519 et
695 3466 892 3535 opportunum
907 3459 1081 3538 quandoque
1102 3469 1158 3533 est,
1180 3468 1214 3521 ut
1234 3460 1316 3539 leges
1332 3459 1496 3526 Ecclesiae

315 3572 389 3619 novo
411 3557 514 3620 robore
535 3562 707 3634 augeantur.
722 3554 815 3618 Immo
837 3557 862 3617 si
883 3557 1044 3634 generatim
1066 3557 1102 3619 de
1123 3558 1215 3620 tutela
1236 3557 1273 3620 iis
1289 3559 1491 3636 impertienda

317 3668 413 3716 sermo
432 3660 494 3727 est3
515 3653 589 3716 haec
610 3669 627 3713 a
648 3653 712 3716 iure
736 3661 859 3715 naturae
880 3655 1069 3731 praecipitur,
1090 3666 1123 3716 ut
1146 3657 1292 3732 protervia
1315 3656 1494 3734 impiorum,

317 3750 444 3814 divinam
473 3749 567 3828 legem
590 3751 798 3828 spernentium,
820 3752 1006 3827 reprimatur.
1028 3747 1092 3823 Oua
1117 3753 1146 3812 iu
1168 3768 1201 3814 re
1228 3752 1392 3816 similitudo
1422 3756 1493 3818 duci

318 3853 443 3921 potesta
459 3847 574 3924 legibus
593 3845 789 3920 naturalibus;
811 3849 840 3908 in
860 3851 936 3925 quas
957 3848 1025 3910 lieet
1051 3848 1148 3911 civilis
1163 3856 1296 3926 potestas
1311 3850 1360 3911 ius
1374 3850 1493 3914 nullum

318 3941 435 4016 babeat,
456 3944 564 4022 quippe
585 3945 623 4006 ab
638 3943 741 4008 altiore
752 3945 888 4022 pendent
905 3947 1097 4019 auctoritate3
1118 3953 1215 4008 tamen
1238 3948 1332 4010 multa
1346 3947 1434 4011 iubet
1448 3949 1497 4010 rel

320 4037 454 4112 probibet
467 4055 543 4116 qnae
564 4042 627 4102 iure
650 4040 775 4103 naturali
799 4042 1092 4119 comprehenduntur.
1115 4041 1148 4106 ld
1171 4044 1318 4122 sapienter
1338 4047 1374 4106 bt
1394 4047 1438 4108 ad
1460 4063 1496 4108 ea

319 4132 415 4210 magis
430 4136 628 4198 confirmanda
650 4138 755 4200 saltem
777 4139 936 4212 extensive,
949 4139 1111 4203 adiectione
1130 4141 1269 4204 nimirum
1291 4158 1383 4206 novae
1406 4159 1500 4221 prae·

318 4227 472 4310 ceptionis,
490 4239 523 4326 et
547 4234 654 4296 tutiora
675 4234 807 4297 iacienda
830 4234 933 4298 timore
954 4251 1123 4313 poenarum,
1146 4238 1198 4317 qui
1223 4230 1348 4304 rebelles
1373 4243 1500 4304 animos

316 4325 356 4386 ad
378 4325 636 4404 obtemperandum
658 4329 786 4394 inducat.
