3159 4934
382 278 467 321 CAPUT
485 280 519 321 itt.
536 282 571 323 tta
588 280 692 325 osslcils
710 283 816 325 HOMINIS
833 282 904 325 satta
922 284 1030 326 sutrsttrt
1222 270 1273 327 -151

120 392 260 455 recundia
274 402 425 457 moveatur
439 393 490 473 (il.
506 394 655 459 Posterius
670 398 725 459 hoc
738 397 854 459 omuino
868 397 977 475 requiri
1003 398 1046 459 ait
1065 398 1104 458 ad
1124 398 1278 463 honestam

118 491 264 554 actionem
286 493 529 567 constituendam
552 494 591 556 ita
615 503 657 568 ut,
678 494 702 555 si
723 494 800 557 actio
814 494 871 573 legi
886 495 1043 558 conformis
1063 496 1208 570 eliciatur,
1223 511 1281 558 non

119 597 218 651 tamen
240 598 357 669 propter
381 590 540 668 impulsum
563 591 786 655 existimationis
810 591 1064 655 etobservantiae
1084 593 1178 669 ipsius
1197 592 1282 671 legis,
1351 603 1356 614 '

118 688 171 749 sed
190 688 300 751 iutuitu
320 688 441 752 alterius
462 690 529 752 boni
551 689 634 753 uobis
648 688 811 762 adventuri,
825 698 877 751 aut
897 688 1018 758 alterius
1040 690 1160 752 rationis
1179 706 1198 751 a
1218 687 1284 767 lege

116 785 290 860 distinctam
313 786 400 861 aetio,
415 785 574 865 legalitate
593 786 712 863 quiden
731 786 859 859 fruatur.
879 794 910 849 at
930 786 1108 849 mmolitctc
1126 793 1227 849 careat
1245 801 1282 849 ac
1388 867 1392 874 Ι

118 886 219 961 turpis
232 884 365 947 habenda
387 885 426 945 sit
443 880 494 963 (ἓ).
509 882 593 949 Hauc
614 884 776 947 doctrinam
798 883 992 947 communiter
1013 893 1174 962 sequuntur
1194 883 1284 945 huius

119 982 229 1043 aetatis
243 981 454 1057 rationalistae,
469 983 518 1059 qui
541 998 628 1061 saepe
648 982 740 1059 plenis
761 982 863 1044 buccis
877 982 1051 1045 inclamant:
1067 982 1196 1045 officium
1213 996 1284 1044 uua·

119 1078 178 1140 nisi
205 1086 322 1157 propter
343 1078 474 1157 seipsum
496 1080 703 1156 praestandum
725 1095 801 1154 esse,
822 1081 884 1143 sine
904 1078 962 1143 alio
986 1079 1184 1153 inuitamento,
1204 1079 1282 1159 quod

117 1178 148 1237 in
171 1191 224 1254 spe
245 1178 484 1240 remunerationis
508 1185 559 1239 aut
584 1184 663 1240 metu
689 1182 847 1255 poenarum
868 1178 957 1240 situm
982 1177 1029 1239 sit.
1051 1175 1165 1240 Horum
1186 1182 1283 1238 tamen

117 1274 274 1337 doctorum
296 1274 386 1337 vitam
402 1276 426 1337 si
441 1290 509 1339 oum
525 1276 689 1353 praeceptis
703 1291 864 1353 compares,
879 1290 987 1337 novum
1002 1281 1208 1352 argumentum
1229 1272 1283 1335 tini

117 1381 239 1450 praesto
259 1374 325 1451 erit,
346 1389 401 1437 non
423 1389 508 1451 posse
529 1375 668 1460 rationem
691 1374 748 1436 sibi
769 1375 904 1439 relictam
925 1373 983 1436 nisi
997 1371 1112 1435 Stoicos
1133 1386 1284 1451 generare,

116 1470 171 1549 qui
193 1471 331 1533 virtutem
353 1470 390 1533 ad
411 1471 623 1549 rigidissimam
643 1474 829 1535 severitatem
850 1472 947 1535 verbis
961 1470 1119 1544 adducant,
1133 1470 1184 1532 sed
1205 1470 1283 1533 laeto

118 1570 157 1631 ab
177 1568 381 1647 epicureorum
403 1586 490 1649 grege
511 1584 566 1631 non
587 1579 767 1648 separentur.

160 1664 210 1731 50.
233 1663 305 1734 Eius
325 1664 479 1741 relulalio,
503 1665 645 1745 Exposita
667 1668 790 1741 tiieoria
810 1682 886 1745 quae
907 1668 1035 1743 speciem
1055 1664 1209 1745 dignitatis
1231 1666 1284 1727 lia·

119 1767 189 1829 bere
212 1764 337 1844 videtur,
352 1781 407 1828 uon
423 1766 518 1829 solum
538 1765 665 1829 falsitate
678 1765 802 1845 laborat,
816 1765 868 1827 sed
880 1766 981 1839 etiam,
996 1764 1020 1826 si
1034 1764 1166 1827 funditus
1186 1762 1284 1826 dison-

118 1863 222 1938 tiatur‚
237 1862 333 1940 turpis
345 1870 390 1925 est
409 1871 439 1927 et
453 1880 508 1926 non
529 1864 566 1924 ad
587 1864 733 1926 homiuem
755 1862 966 1925 nobilitandum
988 1862 1040 1925 sed
1061 1862 1283 1944 deprimendum

117 1960 234 2023 idonea.
254 1958 294 2023 Et
315 1961 344 2023 iu
366 1961 477 2037 primis,
490 1962 619 2025 odicium
640 1969 759 2039 propter
779 1960 908 2038 seipsum
931 1961 1015 2024 unice
1034 1960 1211 2037 inspectum,
1232 1974 1284 2022 no·

119 2058 178 2123 bile
194 2058 312 2137 quidem
327 2058 469 2121 motivum
490 2061 628 2131 continet,
643 2059 694 2121 sed
712 2074 768 2123 uon
789 2058 1013 2122 nobilissimum.
1031 2055 1184 2121 Summum
1204 2058 1282 2140 euim

119 2156 305 2236 perfectiouis
326 2156 451 2235 gradum
475 2172 509 2219 ea
535 2166 649 2219 tantum
665 2158 740 2221 ratio
753 2157 891 2237 operandi
907 2156 1086 2235 suppeditat,
1099 2171 1176 2233 quae
1189 2153 1283 2217 ordini

118 2254 204 2333 wne
228 2255 411 2331 respoudeat,
439 2254 605 2335 mortuoque
632 2254 752 2334 nitatur,
773 2255 853 2334 quod
877 2262 1027 2334 tamquam
1050 2266 1220 2329 supremum
1241 2251 1280 2312 ab

116 2334 220 2417 irrdiue
242 2353 454 2417 manifestatur.
475 2352 568 2431 Atqui
588 2353 619 2415 id
641 2354 751 2417 nonnisi
771 2352 802 2415 in
822 2353 919 2416 officio
939 2362 1058 2430 propter
1078 2347 1131 2411 Dei
1152 2362 1282 2411 amorem

117 2456 150 2514 et
169 2450 294 2529 gloriam
315 2449 463 2527 implendo
483 2450 636 2527 reperitur.
651 2448 731 2513 Deus
745 2453 823 2513 enim
836 2459 882 2513 est
897 2449 974 2521 finis,
988 2463 1075 2526 quem
1090 2452 1206 2522 spectat
1219 2444 1283 2506 uui-

119 2556 336 2621 versandum,
357 2562 432 2626 quae
453 2547 566 2609 nonnisi
587 2548 625 2609 ad
645 2548 753 2624 ipsum,
775 2556 925 2626 tamquam
946 2546 1147 2623 adoptimum
1168 2551 1199 2605 et
1218 2557 1284 2621 per·

117 2646 312 2709 lectissimum
334 2646 453 2720 honum,
474 2646 590 2709 mndem
611 2644 767 2725 aliquando
787 2648 920 2710 retertur.
942 2642 1017 2707 Cum
1031 2644 1122 2723 igitur
1141 2656 1284 2720 expresse

167 2876 203 2937 (l)
221 2876 283 2925 Vide
304 2877 434 2926 Celticum
450 2880 570 2927 rationis
585 2879 729 2941 practicae,
749 2878 790 2927 lib.
813 2878 835 2926 i.
852 2892 873 2928 e.
894 2880 917 2936 l,
932 2887 947 2936 ς
962 2880 985 2935 7,
1007 2879 1114 2927 maxime
1132 2892 1191 2927 vero
1207 2882 1285 2939 caput

118 2955 233 3005 tertium.
244 2955 325 3004 Porro
336 2958 400 3005 haee
409 2958 534 3007 distinctio
543 2957 678 3019 legalitatis
689 2964 714 3007 et
724 2957 881 3019 moralitatis,
891 2959 939 3007 etsi
950 2964 1067 3022 respectu
1078 2957 1164 3021 legum
1176 2956 1285 3006 ciuilium

117 3037 188 3085 bona
210 3035 252 3091 sit,
275 3044 359 3085 manen
384 3042 501 3100 respectu
521 3037 584 3099 legis
604 3042 713 3086 naturae
735 3036 829 3085 inutilis
850 3038 922 3100 plane
938 3038 1044 3086 videtur.
1061 3036 1203 3100 Legislator
1218 3035 1284 3083 euim

117 3116 257 3173 humanus,
272 3130 330 3165 cum
346 3117 456 3165 animum
475 3119 615 3181 perspicere
628 3123 743 3181 nequeat,
756 3118 955 3167 convenientiam
966 3119 1100 3167 dumtaxat
1111 3117 1217 3166 actionis
1228 3128 1285 3163 cum

118 3196 176 3258 lege
198 3211 245 3245 seu
264 3195 318 3245 eius
339 3196 493 3259 legalitatem
517 3198 670 3257 considerat,
689 3198 852 3247 intentionem
869 3204 953 3247 autem
970 3198 1077 3262 agentis,
1092 3198 1140 3245 uisi
1156 3196 1285 3244 evidenter

119 3282 254 3339 appareat,
269 3274 323 3324 Deo
344 3276 504 3326 iudicandam
525 3276 650 3340 relinquit.
667 3280 703 3327 At
723 3283 842 3341 respectu
860 3277 1013 3340 legislatoris
1034 3278 1110 3327 divini
1131 3275 1235 3323 intentio
1251 3274 1284 3322 ab

120 3353 203 3403 officio
220 3355 333 3418 separari
349 3354 451 3419 nequit;
462 3370 508 3404 nee
519 3355 642 3419 legalitas,
652 3372 698 3407 seu
709 3357 873 3407 conformitas
884 3374 942 3409 eum
953 3357 1008 3421 lege
1019 3359 1134 3416 liabetur,
1148 3356 1196 3404 nisi
1208 3353 1284 3402 etiam

122 3434 228 3483 intentio
248 3450 362 3499 congrua
378 3436 411 3485 sit
428 3436 562 3486 honestati.
579 3436 631 3487 Lex
647 3438 714 3487 enim
732 3435 840 3487 naturae
858 3453 910 3487 uon
929 3437 1010 3487 solum
1031 3453 1096 3500 opus
1115 3435 1223 3498 respicit,
1240 3434 1284 3483 sed

122 3513 202 3561 etiam
216 3516 381 3565 intentionem
397 3521 422 3565 et
438 3517 544 3577 motiva3
561 3530 626 3580 quae
643 3519 690 3565 nisi
708 3519 816 3569 honesta
832 3520 891 3575 sint,
902 3525 1020 3567 avertunt
1035 3518 1068 3565 ab
1084 3516 1181 3565 ordine.
1192 3513 1284 3563 Confer

120 3606 190 3656 quae
206 3594 312 3645 diximus
327 3594 432 3645 Ethicae
448 3610 503 3660 cap.
518 3594 542 3655 2,
560 3602 608 3649 art.
619 3596 642 3655 4,
661 3598 700 3646 Dc
712 3598 860 3662 principiis
877 3598 1058 3647 moralitatem
1074 3596 1149 3645 actui
1165 3595 1285 3642 humano

119 3674 342 3735 irnpertieretibtts.

151 3756 186 3817 (2)
207 3758 277 3805 lutet·
297 3762 383 3806 cetera
403 3757 467 3805 haec
487 3757 575 3807 habet:
598 3775 612 3803 c
630 3759 793 3807 aeconomia
812 3758 949 3807 voluntatis
971 3772 1050 3806 unum
1071 3762 1111 3804 est
1131 3756 1284 3818 principium

115 3837 233 3885 omnium
250 3836 337 3900 legum
353 3835 486 3885 moralium
502 3836 693 3901 officiorumque
704 3838 735 3887 iis
746 3838 957 3895 convenientium,
974 3842 1063 3885 contra
1081 3850 1140 3883 vero
1153 3834 1286 3883 dotet-ono·

115 3917 178 3965 mia
189 3915 287 3966 arbitrii
303 3915 398 3965 nullam
409 3930 515 3979 prorsus
531 3916 710 3978 obligationem
722 3918 861 3975 constituit,
872 3917 917 3965 sed
928 3917 1013 3979 potius
1024 3917 1152 3963 contraria
1163 3919 1203 3961 est
1213 3912 1283 3977 priu-

115 3996 186 4059 cipio
196 3994 263 4045 illius
275 3994 462 4059 moralitatique
473 3994 616 4044 voluntatis.
628 3996 655 4043 Iu
667 3996 862 4059 independeutia
872 3995 967 4043 scilicet
979 3994 1011 4044 ab
1022 3994 1090 4043 omni
1101 3993 1165 4056 legis
1175 3994 1283 4042 materia

116 4081 221 4139 (nempe
238 4076 380 4125 obiectare
397 4074 550 4137 desiderata)
566 4081 593 4121 et
608 4074 681 4123 simul
699 4083 782 4123 tamen
799 4074 1009 4124 determinatione
1028 4074 1125 4123 arbitrii
1142 4088 1187 4138 per
1202 4071 1283 4122 solam

115 4157 231 4205 sormam
245 4156 425 4219 legislatoriam
442 4153 616 4213 universalem,
632 4154 703 4203 cuius
720 4154 759 4201 lex
779 4153 918 4203 subiectiva
934 4169 991 4205 esse
1007 4168 1089 4219 capax
1105 4154 1187 4211 debet,
1203 4166 1281 4201 unum

115 4235 272 4299 principium
285 4242 324 4285 est
339 4234 499 4285 moralitatis.
515 4248 525 4282 t
539 4232 607 4281 Loco
616 4248 702 4296 supra
713 4232 799 4283 citato.
