3159 4934
405 290 489 333 cucur
507 290 533 331 u.
551 292 586 333 ne
603 290 709 333 orrrcns
726 289 830 333 nonturs
848 291 917 333 caen
935 292 1006 333 naun
1233 277 1284 331 ltu

164 400 241 466 Vera
257 401 453 465 conscientiae
473 399 595 465 libertas
616 402 645 463 iu
666 401 723 464 hoo
743 401 800 465 sita
814 410 869 475 est,
883 408 917 463 ut
931 404 1017 465 homo
1031 420 1048 463 a
1062 404 1176 467 nemine
1193 406 1287 481 impe·

116 502 177 564 diri
192 502 308 575 debeat,
323 500 480 577 quominus
495 500 524 562 in
539 498 633 563 Deum
648 507 678 562 ει
691 500 720 561 in
735 501 885 577 proprium
901 502 988 562 tinem
1009 517 1039 563 se
1060 502 1183 575 ordinet,
1204 501 1286 565 iuxta

119 601 245 663 ductum
274 607 304 662 et
333 599 545 677 praescriptum
574 597 667 675 ipsius
688 594 751 676 Dei,
773 613 790 659 a
812 613 870 675 quo
890 598 1037 675 quaelibet
1057 607 1202 672 creatura,
1224 608 1286 663 tota

118 704 233 777 quanta
255 706 309 771 est,
331 696 539 774 dependente
556 696 674 759 minime
696 694 824 773 postulat
845 703 878 757 ut
898 697 986 759 homo
1006 697 1044 759 ab
1067 697 1132 774 ipso
1150 697 1242 760 ductu
1256 707 1286 760 ει

122 796 309 875 praescripto
328 793 382 858 Dei
403 795 561 870 eximatur;
583 794 638 856 nisi
657 794 771 856 nomine
782 792 928 855 libertatis
943 793 1033 856 stulta
1047 792 1163 857 licentia
1177 802 1207 856 et
1222 810 1287 871 per·

121 894 243 967 duellio,
263 899 398 970 respectu
420 893 513 970 ipsius
533 890 597 965 Dei,
617 890 805 969 intelligatur.

173 990 263 1055 Odiic.
285 990 336 1056 IV.
352 988 393 1055 Ut
411 992 483 1053 fides
497 1000 690 1059 consentanea
712 990 752 1051 sit
772 988 886 1069 rationi,
907 988 994 1051 dehet
1014 991 1101 1051 horno
1116 1000 1196 1053 certo
1210 992 1286 1053 scire

128 1089 225 1153 Deum
239 1106 304 1153 esse
317 1089 480 1167 loquutum.
495 1088 589 1165 Atqui
603 1088 690 1150 homo
705 1086 781 1149 inane
802 1086 1007 1150 certitudinem
1029 1102 1085 1149 non
1107 1089 1286 1166 assequitur.

124 1186 158 1251 Si
172 1189 250 1251 enim
264 1194 478 1265 assequeretur,
492 1188 528 1247 ad
541 1184 643 1249 Fidem
660 1192 830 1265 cogeretur3
843 1199 982 1247 assensus
996 1192 1094 1247 autem
1109 1183 1191 1247 Fidei
1203 1184 1287 1249 debet

120 1302 191 1349 esse
212 1285 296 1364 liber,
318 1292 350 1347 ut
372 1284 409 1345 sit
430 1284 605 1347 meritorius.
1099 1320 1107 1335 ·

162 1382 200 1447 R.
221 1382 312 1447 Cone.
327 1384 399 1445 anai.
421 1391 452 1445 et
471 1400 547 1464 nepo
561 1382 636 1445 min.
652 1382 701 1445 Ad
716 1382 829 1459 probat.
844 1380 926 1444 dist:
942 1380 973 1443 Si
988 1382 1192 1443 certitudinem
1206 1382 1286 1445 illam

116 1489 328 1562 assequeretur
349 1498 386 1543 en
407 1481 600 1559 ornamentis
621 1480 812 1554 intrinsecis,
834 1480 871 1542 ad
893 1477 995 1541 Fidem
1017 1486 1179 1556 cogeretur,
1201 1482 1291 1541 tran-

119 1584 210 1655 scot;
226 1581 252 1641 si
266 1596 302 1641 cx
317 1580 499 1658 argumentis
516 1586 630 1641 tanturn
645 1577 828 1650 extrinsecis,
839 1594 923 1657 nepo.
935 1573 1021 1649 Quod
1035 1592 1103 1639 vero
1117 1586 1203 1639 actus
1218 1579 1285 1640 [idei

122 1678 212 1739 debet
232 1693 295 1740 esse
315 1676 398 1750 liber,
420 1683 453 1739 nt
474 1676 512 1737 sit
533 1676 710 1749 meritorius,
731 1674 856 1737 libenter
876 1675 1072 1756 concedimus.

165 1774 258 1838 Deum
284 1790 348 1837 esse
372 1775 524 1853 loquutum
550 1781 579 1835 et
605 1774 808 1835 manifestasse
833 1773 982 1851 dogmata,
1001 1787 1078 1850 quae
1099 1772 1287 1838 Revelatione

117 1874 315 1951 continentur,
337 1873 500 1935 certissime
521 1878 636 1934 constat
656 1886 692 1933 eu
714 1870 865 1933 miraculis
884 1879 915 1932 et
936 1870 1109 1947 prophetiis,
1125 1872 1287 1950 ceterisque

120 1970 316 2048 argumentis,
328 1986 403 2049 quae
417 1970 527 2032 motiva
541 1968 756 2041 credibilitatis,
767 1976 981 2045 nuncupantur.
994 1965 1079 2030 Unde
1089 1966 1286 2032 Richardusa

119 2067 152 2131 S.
165 2066 286 2131 Victore
300 2067 517 2130 memorabilem
532 2067 612 2129 illam
627 2066 749 2144 protulit
763 2066 954 2129 sententiam:
967 2064 1108 2143 Domine,
1123 2068 1154 2129 si
1165 2067 1287 2143 falsum

119 2169 173 2227 est
192 2163 273 2244 qood
292 2162 454 2241 credimus,
475 2183 496 2226 a
518 2168 546 2227 ie
566 2162 683 2245 decepti
701 2182 829 2227 snmus:
851 2165 917 2226 istu
930 2162 1012 2251 enim
1025 2163 1113 2227 nobis
1127 2165 1170 2227 eis
1185 2166 1286 2244 sipnis

120 2264 311 2339 confirmato
322 2266 407 2340 snnt,
423 2281 501 2342 quoe
514 2263 641 2325 nonnisi
655 2281 676 2324 o
691 2265 719 2324 le
733 2261 807 2339 fieri
816 2266 986 2339 potnerunt
1000 2261 1050 2341 (l).
1062 2262 1104 2325 At
1118 2264 1226 2325 motiva
1236 2262 1287 2324 illa

120 2362 306 2425 constituunt
316 2369 522 2439 argumentum
533 2360 741 2433 extrinsecum,
756 2376 812 2424 non
823 2376 891 2423 vero
901 2360 1103 2434 intrinsecum,
1116 2369 1177 2422 tum
1189 2361 1284 2437 quoad

118 2464 234 2525 iactum
250 2462 347 2541 ipsum
363 2462 555 2538 revelationis,
572 2470 634 2523 tum
655 2461 750 2540 quoad
765 2462 903 2524 veritates
920 2477 995 2539 quae
1009 2477 1061 2538 per
1081 2462 1192 2523 iactum
1213 2461 1285 2523 illud

125 2558 361 2621 manifestantur.
376 2557 452 2621 Hinc
472 2561 507 2621 fit
527 2567 560 2621 ut
580 2574 718 2621 assensus
737 2558 903 2621 libertatem
925 2573 980 2621 non
1001 2558 1126 2632 adimat3
1140 2558 1228 2636 idque
1248 2561 1286 2622 ob

121 2656 273 2735 duplicem
289 2673 424 2720 causam:
439 2672 526 2719 unam
542 2657 726 2730 obiectivam,
740 2656 863 2719 alteram
878 2656 1080 2720 subiectiuam.
1096 2654 1191 2719 Causa
1204 2659 1287 2720 obie—
1403 2697 1405 2701 -

117 2754 201 2817 ctira
216 2763 261 2817 est
276 2756 403 2818 carentia
420 2755 530 2832 proprii
544 2754 650 2818 motiri
664 2754 759 2832 quoad
780 2753 971 2827 intellectum,
985 2769 1087 2831 nempe
1107 2755 1230 2817 visionis
1245 2758 1286 2817 rei

116 2851 324 2931 intelligibilis,
344 2854 375 2915 in
395 2870 452 2932 qna
475 2854 584 2916 visione
605 2853 759 2916 dumtaxat
779 2868 862 2915 mens
883 2854 1069 2931 conquiescit.
1091 2852 1137 2917 Ex
1157 2871 1215 2933 qua
1238 2872 1289 2918 ca·

121 2952 218 3013 rentia
232 2951 360 3014 efficitur
373 2961 407 3014 ut
420 2952 509 3015 etiam
523 2952 553 3013 in
567 2970 601 3016 eo
615 2955 666 3031 qui
680 2954 738 3015 iam
756 2952 882 3015 eredidit
895 2953 1043 3030 insurgere
1059 2952 1170 3030 possint
1191 2962 1287 3016 motus

118 3050 264 3112 contrarii
295 3050 414 3113 veritati
441 3051 577 3113 creditae.
599 3044 749 3113 Audiatur'
768 3047 798 3112 S.
819 3048 963 3113 Thomas:
986 3072 1004 3106 «
1021 3047 1096 3122 Quia
1123 3049 1286 3112 intellectus

119 3145 280 3226 (respectu
294 3150 384 3211 octus
399 3146 509 3227 Fidei)
525 3163 580 3210 non
595 3148 650 3211 hoc
665 3148 752 3211 modo
768 3148 941 3210 terminatur
956 3147 994 3209 ad
1009 3163 1109 3220 unum,
1124 3154 1157 3210 nt
1170 3148 1206 3209 ad
1222 3164 1288 3225 pro-

123 3243 224 3319 prium
246 3246 401 3308 terminum
428 3246 614 3323 perducatur,
635 3246 686 3324 qui
700 3252 747 3307 est
768 3245 843 3308 visio
856 3244 982 3306 alicuius
996 3244 1204 3323 intelligibilis;
1220 3245 1286 3306 inde
1331 3294 1339 3304 .
1415 3328 1419 3335 Ι
1536 3209 1571 3274 ·’

119 3341 266 3420 estquod
287 3342 349 3405 eius
371 3350 468 3406 motus
488 3343 616 3405 nondum
636 3352 681 3406 est
701 3344 859 3421 quietatus,
875 3343 926 3405 sed
947 3343 1046 3405 adhuc
1067 3343 1157 3405 habet
1177 3342 1286 3420 eogita-

125 3439 233 3500 tionem
254 3447 284 3501 et
305 3441 522 3518 inquisitionem
542 3440 581 3503 de
600 3440 647 3503 his
669 3456 745 3519 quae
774 3440 877 3517 credit,
898 3442 1034 3518 quamvis
1055 3440 1222 3503 firmissime
1242 3441 1286 3502 eis

124 3538 310 3599 assentiatur.
333 3536 481 3611 Quantum
501 3538 578 3602 euim
599 3547 644 3601 est
663 3554 700 3601 ex
713 3539 819 3616 seipso,
834 3555 889 3602 nou
909 3546 955 3601 est
968 3539 995 3600 ei
1017 3539 1217 3612 satisfactum
1232 3554 1285 3601 nec

118 3641 171 3699 est
186 3635 357 3699 terminatus
369 3637 407 3699 ad
421 3652 521 3711 unum,
536 3637 587 3699 sed
603 3638 776 3699 terminatur
790 3644 904 3699 tantum
918 3652 955 3699 ex
975 3635 1146 3698 extrinseco.
1160 3634 1200 3698 Et
1219 3636 1286 3697 inde

118 3735 267 3812 estquod
291 3734 457 3797 intellectus
482 3735 628 3798 credentis
649 3734 759 3797 dicitur
785 3750 852 3798 esse
879 3736 1055 3813 captivatus,
1076 3734 1145 3811 quia
1172 3739 1286 3795 tenetur

121 3832 258 3895 terminis
278 3833 381 3895 alienis
395 3840 424 3895 et
438 3848 493 3896 non
508 3834 644 3911 propriis.
660 3831 729 3895 lndc
743 3840 787 3895 est
801 3833 890 3895 etiam
904 3832 982 3911 quod
996 3832 1025 3894 in
1040 3830 1176 3893 credente
1191 3837 1286 3907 potest

117 3934 274 4009 insurgere
288 3937 385 3995 motus
397 3931 434 3993 de
448 3930 595 3994 contrario
606 3932 702 4003 buius,
713 3930 793 4008 quod
807 3931 976 3993 firmissime
990 3928 1083 3991 credit
1094 3924 1144 4007 (2).
1157 3950 1174 3983 »
1190 3926 1287 3991 Causa

168 4162 203 4225 (1)
220 4152 259 4211 De
277 4161 420 4216 Trinitate,
436 4158 479 4209 lib.
497 4161 521 4219 l,
536 4174 556 4207 c.
575 4159 597 4207 2.

168 4242 204 4303 (2)
225 4242 269 4306 Qq.
286 4242 362 4305 Βίῳ.
380 4239 501 4299 Quaestio
517 4240 557 4288 Dc
572 4238 646 4291 Fide.
657 4253 679 4286 a.
698 4238 718 4287 l.
