3159 4934
354 350 438 393 carur
455 352 491 393 tv.
511 354 546 395 na
564 353 672 396 ornetis
689 350 796 396 norrnts
814 352 885 394 raca
902 349 977 393 atros
1202 335 1253 393 tta

85 463 217 537 profecto
232 473 355 543 apparet
368 468 416 529 ins
430 467 541 531 homini
555 484 618 531 esse
639 476 794 546 ntearum
810 474 922 543 partem
943 465 1072 544 aliquam
1091 481 1254 543 congruen-

84 569 154 639 tem,
178 561 249 623 dum
270 579 345 641 opus
367 564 465 639 hahet,
488 566 544 629 sihi
565 572 707 640 assumat,
728 566 766 627 ah
786 580 878 642 eaque
899 574 1012 626 ceteros
1032 562 1180 636 excludat,
1201 564 1252 640 qni

82 659 113 720 in
135 675 202 722 earn
224 661 336 725 nullum
356 662 403 724 ius
423 672 489 727 ante
510 664 729 743 acquisiverint.

123 757 166 821 At
187 762 337 837 operosior
356 765 490 840 quaestio
510 770 556 826 est
577 764 613 826 de
635 762 763 827 dominio
783 777 840 825 non
862 761 1045 824 transitorio
1064 760 1104 839 (in
1126 776 1188 822 rem
1211 760 1253 821 vi-

83 854 194 919 delicet
213 874 289 937 quae
311 876 366 922 usu
388 862 570 925 consumitur
590 868 642 923 aut
662 868 728 939 post
742 876 830 923 nsum
852 857 1050 937 relinquitur),
1068 858 1119 920 sed
1134 855 1252 933 stabili,

83 954 136 1014 cui
157 955 286 1032 pressius
307 959 495 1035 proprietatis
510 974 613 1022 nomen
630 958 719 1021 trihni
740 957 822 1021 solet.
838 956 894 1019 Per
908 958 1004 1036 ipsum
1025 956 1184 1019 enimcum
1200 971 1248 1018 res

83 1051 252 1129 frugiferae,
272 1054 319 1117 vel
342 1027 501 1135 iteumqne
521 1056 618 1130 utiles,
636 1063 804 1120 constanter
824 1056 1018 1128 retineantur;
1038 1054 1166 1116 efficitur
1183 1070 1252 1116 sane

85 1158 121 1210 ut
142 1165 188 1211 res
208 1152 352 1215 stabiliter
372 1160 402 1216 et
422 1157 533 1233 integre
548 1154 681 1218 subiecto
696 1154 864 1226 adhaereat,
879 1168 914 1215 ae
934 1152 1054 1229 proinde
1075 1151 1171 1229 ipsius
1186 1167 1256 1230 pro-

83 1247 150 1323 pria
173 1264 239 1311 vere
261 1249 320 1312 dici
341 1253 443 1328 possit.
464 1250 527 1315 lam
548 1268 602 1331 age
623 1252 765 1315 eiusmodi
789 1251 953 1329 proprietas
973 1248 1043 1313 licet
1065 1249 1176 1311 factum
1202 1264 1254 1327 ge·

81 1344 182 1407 nerale
204 1346 244 1408 sit
263 1350 489 1429 necquidquam
511 1351 606 1429 magis
622 1351 735 1423 tritum,
750 1350 788 1411 ad
803 1350 894 1410 vitam
908 1347 986 1427 quod
1001 1353 1131 1425 spectat,
1152 1356 1251 1409 tamen

81 1443 227 1517 nonnulli,
241 1444 277 1505 ad
295 1462 341 1508 res
355 1446 465 1509 alienas
481 1447 537 1509 sub
551 1447 624 1508 iuris
640 1449 737 1523 specie
751 1445 940 1523 diripiendas,
952 1455 1090 1523 magnum
1105 1445 1163 1507 hoc
1176 1444 1255 1506 vitae

81 1543 232 1606 hnmanae
245 1544 467 1608 fundamentum
488 1546 603 1608 diruere
618 1546 713 1608 conati
733 1552 810 1607 sunt.
826 1542 903 1607 Hinc
917 1540 1096 1631 Socioit'smi
1115 1550 1145 1606 et
1164 1540 1255 1606 Gom·

81 1639 237 1709 manant
249 1650 408 1720 systemata
422 1644 595 1707 ecinerihus
610 1644 784 1723 excitarunt,
797 1642 908 1705 aientes
922 1636 1130 1721 proprietatem
1145 1657 1247 1705 verum

82 1754 152 1801 esse
175 1738 373 1814 latrocinium,
393 1756 452 1819 quo
477 1740 569 1820 aliqui
592 1756 658 1804 cum
684 1741 789 1802 damno
814 1746 844 1801 et
868 1739 973 1802 iniuria
1001 1730 1181 1817 reliquorum
1207 1754 1254 1800 res

83 1836 250 1899 mundanas
265 1838 322 1900 sihi
337 1838 508 1902 adsciscunt
521 1848 551 1901 et
566 1837 635 1900 filiis
655 1836 836 1899 haereditate
858 1833 1061 1898 transmittunt
1076 1832 1126 1915 (t).
1141 1833 1250 1898 Contra

81 1934 229 1997 eiusmodi
249 1935 399 1999 societatis
420 1951 582 2011 eversores,
604 1937 651 1997 ins
672 1933 788 1996 stabilis
811 1933 997 2011 proprietatis
1017 1950 1034 1995 a
1060 1940 1165 1995 natura
1188 1947 1270 2010 pron
1308 1954 1316 1961 ·

82 2031 182 2094 ficisci
197 2032 477 2107 demonstrabimus3
492 2034 542 2096 sed
565 2041 631 2096 ante
645 2030 848 2095 nonnullorum
867 2031 1035 2110 sententiae,
1050 2030 1102 2109 qni
1123 2031 1254 2109 proprie·

81 2129 141 2191 tati
161 2128 267 2191 falsam
290 2129 431 2209 originem
454 2130 651 2209 assignarunt,
673 2130 846 2193 refellendae
867 2137 946 2191 sunt.

505 2344 825 2410 propositiones.

125 2518 173 2585 73.
197 2519 506 2588 Pnoros1rtol⁸.Ics
526 2523 649 2587 stabilis
667 2524 871 2603 proprietatis
891 2542 954 2585 noa
968 2526 1070 2587 oritur
1089 2540 1128 2584 ec
1145 2526 1247 2602 pacto.

124 2616 211 2683 Proh.
233 2618 418 2699 Heineocins,
440 2621 574 2685 Grotium
597 2629 626 2685 et
647 2620 875 2685 Pudendorfium
897 2630 1051 2701 sequutus,
1070 2620 1250 2683 existimavit

78 2732 119 2779 ex
142 2718 301 2782 intentione
323 2716 489 2782 Conditoris
510 2720 611 2803 omnia*
627 2721 656 2782 in
678 2720 826 2782 communi
839 2720 966 2797 quadam
989 2719 1171 2797 possessione
1191 2719 1250 2797 pri·

77 2830 167 2877 mum
187 2816 277 2879 fuisse
297 2816 448 2892 collocata,
469 2819 511 2880 ita
532 2826 565 2879 ut
585 2818 731 2891 omnihus,
752 2832 805 2895 pro
825 2817 1041 2896 opportunitate
1061 2816 1249 2890 deservirent,

76 2914 156 2992 quin
178 2913 256 2975 ullus
277 2915 314 2977 ab
334 2914 392 2979 alio
412 2915 624 2978 excluderetur.
647 2913 704 2978 Sed
725 2930 793 2977 oum
813 2915 901 2993 leges
914 2913 1032 2977 divinae
1046 2914 1254 2986 affirmativae,

77 3011 285 3090 exceptionem
307 3013 344 3075 oh
367 3013 569 3077 necessitatem
598 3012 765 3089 admittant,
786 3012 856 3075 hinc
883 3013 995 3075 lactum
1023 3028 1088 3076 esse
1117 3020 1151 3073 ut
1178 3014 1253 3075 haec

135 3267 172 3329 (ll
190 3265 399 3315 Communtonem
415 3266 538 3316 bonorum
555 3268 579 3315 in
597 3268 725 3327 societate,
735 3267 812 3316 immo
829 3268 906 3316 etiarn
917 3282 1024 3316 uxorum
1035 3273 1060 3316 et
1074 3267 1190 3323 filiorum,
1204 3268 1255 3314 iam

80 3349 116 3397 ab
134 3347 317 3410 antiquissimis
329 3348 484 3411 temporibus
497 3356 689 3411 propugnarunt
701 3348 820 3397 Socrates
831 3353 858 3395 et
867 3346 952 3406 Plat03
967 3362 1030 3409 quos
1041 3346 1091 3395 late
1103 3344 1255 3393 Aristoteles

82 3427 208 3477 refutavit
223 3428 371 3477 insecundo
383 3427 446 3476 libro
458 3427 646 3477 Politicorum.
658 3428 719 3476 llius
731 3433 816 3477 autem
829 3427 929 3476 insania
940 3426 979 3476 vel
990 3426 1049 3475 inde
1061 3430 1175 3489 apparet,
1187 3424 1255 3487 qnod

83 3508 174 3569 (etiam
195 3507 289 3557 omissa
312 3507 467 3570 turpitudine
492 3508 522 3556 de
548 3508 724 3556 communione
749 3507 891 3565 mulierum,
908 3521 973 3569 quae
998 3505 1086 3555 belluis
1109 3504 1255 3553 inferiorem

82 3587 215 3645 hominem
233 3586 327 3636 faceret
343 3594 368 3635 et
385 3586 431 3650 ipsi
450 3588 607 3649 generationi
624 3588 814 3647 adversaretur)
831 3585 928 3635 civilem
945 3585 1093 3635 societatem
1113 3584 1256 3631 destrueret

81 3673 111 3716 et
129 3666 155 3713 in
172 3667 334 3716 domesticam
351 3672 528 3715 commutaret.
544 3667 681 3717 Praeterea
698 3667 875 3715 chimaericam
891 3664 1051 3728 hypothesim
1068 3662 1172 3721 inducit,
1189 3676 1255 3725 qnae

78 3748 128 3797 diu
147 3761 310 3809 perseverare
323 3762 373 3795 non
391 3753 486 3809 posset,
497 3747 596 3796 etiamsi
614 3747 646 3796 ad
663 3746 730 3795 solas
746 3762 796 3803 res,
808 3744 1062 3804 dominiosubiectas,
1074 3749 1256 3791 coarctaretur.

78 3828 148 3877 Cum
166 3827 234 3876 enim
250 3841 302 3875 non
319 3841 407 3877 omnes
425 3826 476 3875 sint
492 3840 571 3890 aeque
588 3832 766 3890 temperantes,
782 3841 864 3889 aeque
880 3825 966 3882 sobrii,
983 3837 1064 3887 aeque
1080 3822 1184 3886 providi,
1200 3836 1257 3871 con-

76 3902 158 3958 tinuit
175 3922 207 3955 ex
222 3906 375 3969 aequalitate
390 3906 557 3973 inaequalitas
573 3912 731 3965 nasceretur3
750 3911 876 3969 qnatenus
892 3904 956 3952 altar
972 3919 1003 3951 ex
1019 3900 1143 3965 stipendio
1160 3903 1257 3965 proprii

77 3987 182 4039 laboris
199 3980 296 4051 partem
312 3992 434 4046 servaret,
450 3985 514 4035 alter
531 3993 614 4036 totum
631 3987 786 4045 absumeret3
804 3985 853 4033 nisi
869 3985 894 4032 in
911 3988 1011 4031 tantum
1027 3982 1168 4031 dementiae
1185 3982 1257 4031 deve-

79 4070 181 4125 niatnr,
198 4074 226 4117 nt
242 4066 397 4124 helluonum,
407 4067 536 4115 ebriorum
548 4071 573 4114 et
584 4065 747 4128 prodigorum
759 4079 816 4113 sors
830 4063 993 4126 aequiparari
1009 4062 1069 4109 velit
1085 4062 1186 4109 assidue
1199 4076 1257 4109 cum

79 4148 233 4199 conditione
245 4148 382 4207 hominum,
395 4146 436 4210 qni
450 4144 583 4194 contrariis
600 4144 734 4193 virtutibus
751 4150 880 4191 ornentur.
898 4142 948 4191 Sed
961 4141 1129 4200 incommoda,
1145 4147 1210 4204 qnae
1226 4155 1257 4187 ex

80 4230 203 4279 absurdo
219 4228 262 4277 illo
277 4232 418 4291 systemate
434 4225 585 4284 scaturiunt,
598 4230 635 4273 tot
650 4230 771 4286 tantaque
788 4228 847 4271 sunt
864 4227 889 4271 et
905 4221 970 4270 adeo
986 4237 1031 4285 per
1041 4237 1069 4271 se
1079 4220 1217 4279 evidentia,
1230 4229 1258 4267 ut

80 4318 191 4373 tempus
207 4306 301 4358 frustra
318 4312 401 4357 terere
418 4319 457 4355 me
474 4310 598 4367 putarem,
614 4304 635 4353 si
654 4302 745 4355 seriam
761 4302 816 4351 eius
833 4302 1048 4365 impugnationem
1064 4300 1230 4351 adstruerem.
