3159 4934
417 236 502 302 CAPUT
519 259 546 301 ll.
568 259 601 301 DE
620 258 727 301 oraturis
745 257 853 299 domitis
871 256 942 298 ERGA
960 256 1034 298 DEUM
1252 239 1303 297 135

127 372 228 434 minus
249 379 298 435 ost
317 387 406 451 quam
426 371 522 435 debet.
537 369 625 434 Alius
639 371 746 435 modus
761 377 808 434 est
829 370 941 433 ratione
956 369 1134 447 quantitatis
1150 368 1298 446 relativae,

127 484 181 533 seu
195 469 343 547 inspectae
363 469 444 531 iuxta
467 468 681 548 proportionem
703 484 769 531 cnm
790 468 862 543 line3
884 475 915 531 et
935 468 978 531 sio
1000 466 1031 528 in
1052 468 1191 545 religione
1204 475 1300 547 potest

127 568 194 630 dari
217 568 409 645 superfluum,
423 572 570 645 quatenus
589 566 674 629 detur
691 565 803 643 aliquid
823 566 874 628 lini
888 565 1072 628 dissentiens.
1087 562 1120 628 In
1141 566 1199 629 boc
1214 582 1302 630 sensu

126 682 183 729 nos
193 664 370 728 admisimus
381 663 445 727 dari
458 680 546 744 posse
557 666 739 743 superfluum
750 664 780 725 in
791 662 957 743 Religione;
969 670 1113 743 quatenus
1126 662 1304 726 obtrudatur

126 770 227 836 actus,
250 778 307 825 non
332 761 512 840 respondens
538 777 627 840 scopo
651 759 824 841 Religionis,
843 762 895 840 qui
920 769 967 824 est
991 768 1025 824 ut
1048 759 1136 824 bomo
1164 757 1232 824 Deo
1252 760 1305 824 det

124 858 265 940 glorium
286 859 372 938 eique
392 877 425 922 se
443 858 591 923 subiiciet
613 862 715 922 mente
734 854 773 922 et'
784 876 910 938 corpore
929 857 981 938 (l).

179 953 269 1019 Obila.
284 953 336 1021 Vl.
355 954 480 1021 Videtur
501 972 569 1020 vera
591 957 689 1035 opinio
704 954 817 1032 Kantii,
830 958 970 1020 nimirum
991 955 1072 1036 quod
1085 971 1170 1019 arnor
1191 954 1245 1019 Dei
1266 955 1305 1017 sit

130 1054 242 1118 bomini
257 1052 447 1132 impossibilis
465 1061 496 1117 et
509 1054 585 1116 inter
606 1056 677 1117 vitia
699 1054 877 1134 mysticismi
898 1055 1113 1117 amandandus.
1128 1050 1207 1116 Nam
1222 1050 1304 1116 Deus

129 1158 178 1217 est
198 1150 370 1225 invisibilis3
392 1151 539 1215 invisibile
560 1159 658 1215 autem
680 1152 763 1231 diligi
785 1152 894 1232 nequit.

170 1246 208 1314 R.
220 1244 306 1311 Dist.
317 1245 552 1329 probationem:
568 1246 648 1313 Deus
662 1258 706 1313 est
720 1250 879 1313 invisibilis
893 1249 1004 1323 sensui,
1018 1265 1110 1326 eono;
1132 1249 1305 1323 intellectui,

128 1363 219 1427 nepo.
234 1346 283 1410 Ad
297 1345 385 1409 aliam
398 1346 627 1425 propositionem
642 1348 753 1426 pariter
767 1348 930 1427 distinguo:
945 1347 1094 1412 invisibile
1108 1345 1193 1427 diligi
1204 1347 1305 1425 nequit

128 1460 232 1509 amore
254 1444 395 1519 sensibili,
416 1462 503 1520 ocem
533 1461 632 1509 amore
652 1445 798 1521 rationali,
817 1443 916 1509 sobo:
938 1448 962 1509 si
986 1446 1026 1508 sit
1047 1445 1194 1509 invisibile
1215 1445 1305 1509 etiam

130 1541 309 1616 intellectui,
328 1541 442 1604 lterum
461 1560 554 1619 oonc;
577 1543 603 1605 si
624 1550 739 1606 tantum
762 1544 908 1617 sensibus,
929 1560 1017 1622 stepo.

174 1638 314 1718 Sophiste
334 1639 504 1704 alemannus
525 1640 641 1706 ideo'in
659 1627 719 1705 'hoc
733 1642 878 1715 deliravit,
892 1642 960 1720 quia
981 1641 1177 1719 cognitionem
1200 1641 1306 1703 buma-

131 1754 202 1801 nam
226 1738 269 1801 sic
290 1736 448 1812 contraxit,
469 1746 502 1801 ut
523 1738 583 1802 sola
608 1738 803 1817 experientiae
823 1739 940 1803 sensilis
960 1739 1076 1818 regione
1098 1737 1306 1811 concluderet;

71 1772 107 1912 ἶ
119 1851 187 1911 ‚nec
201 1834 282 1898 aliud
297 1850 404 1898 munus
418 1837 507 1898 menti
524 1837 678 1911 concessit,
692 1837 748 1899 nisi
764 1845 798 1899 ut
811 1837 840 1900 vi
854 1852 975 1899 suarum
989 1837 1150 1900 formarum
1165 1835 1306 1899 idealium

39 1988 46 2007 ,
70 1934 80 1970 ¹
111 1906 173 1997 'ad
188 1934 330 1998 unitatem
345 1940 495 1997 revocaret
509 1933 633 1997 disiecta
650 1934 858 2013 phaenomena.
874 1932 904 1998 Si
918 1936 960 1997 ita
972 1941 1065 2008 essen
1080 1940 1159 1997 certa
1173 1932 1263 2021 Deus,
1275 1941 1308 1996 ut

97 2028 111 2071 ¹
129 2032 272 2095 sensibus
292 2032 419 2110 ignotus,
433 2030 516 2110 diligi
537 2047 592 2095 nou
614 2042 723 2110 posset.
745 2028 803 2095 Sed
824 2032 1004 2096 contrarium
1023 2032 1141 2095 omnino
1162 2032 1306 2110 sequitur,

129 2130 171 2204 si,
187 2130 298 2191 insania
319 2128 370 2191 illa
390 2128 508 2204 reiecta,
523 2128 591 2193 oum
607 2146 676 2193 vera
697 2130 882 2209 philosophia
904 2138 1052 2193 statuatur
1073 2128 1168 2193 Deum
1189 2129 1306 2192 anobis

129 2240 239 2305 reapse
265 2228 403 2306 cognosci
423 2228 642 2292 ratiocinatione
662 2229 768 2291 mentis
788 2235 819 2291 et
842 2228 1040 2303 meditatione,
1062 2244 1122 2308 qua
1142 2243 1199 2305 non
1219 2226 1306 2289 modo

130 2324 201 2390 eius
222 2325 433 2399 exsistentiam,
456 2325 507 2388 sed
533 2341 681 2389 summam
703 2341 821 2405 qnoque
842 2327 1000 2390 bonitatem
1027 2334 1057 2389 et
1078 2324 1305 2404 pulcritudinem

128 2422 393 2504 contemplamur.-

608 2602 776 2667 Anrrcucus
797 2601 834 2667 11.

466 2734 516 2799 De
536 2733 623 2799 culto
642 2736 765 2800 interno
784 2739 815 2798 et
834 2724 969 2799 aereo,

177 2911 225 2979 33.
249 2912 358 2984 Gallus
381 2911 489 2982 interni
514 2912 555 2981 ab
576 2919 705 2983 calerno
729 2884 906 2981 diversitas.
928 2910 1037 2976 Mirum
1058 2918 1105 2973 est
1125 2916 1307 2989 quantopere

128 3013 324 3079 eclectismus
338 3010 450 3078 Galliae
464 3014 495 3076 in
509 3012 608 3077 cultus
624 3014 739 3077 notione
759 3011 924 3075 exbibenda
939 3010 1116 3089 peccaverit,
1137 3004 1308 3072 Germanici

129 3110 330 3176 rationalismi
351 3111 494 3175 insomnia
517 3118 667 3189 sequutus.
689 3108 850 3189 Postquam
874 3110 952 3173 enim
976 3107 1148 3187 religionem
1172 3107 1203 3169 in
1225 3119 1333 3168 mera.

132 3211 325 3289 conceptione
340 3209 513 3273 relationum
529 3209 658 3273 bominis
672 3217 701 3272 et
712 3208 814 3270 mnndi
824 3206 863 3270 ad
877 3205 972 3270 ileum
983 3204 1181 3289 collocaverit,
1192 3201 1306 3266 cultum

133 3308 300 3388 generatim
322 3307 474 3371 constituit
494 3308 524 3368 in
540 3306 736 3386 expressione
758 3300 1022 3367 exornatarum
1042 3299 1231 3364 relationum
1250 3314 1307 3377 per

135 3402 278 3486 symbolo
298 3408 356 3467 cut
375 3404 469 3485 sipon
489 3400 640 3484 quaedem
662 3401 826 3466 sensibilia
839 3399 890 3482 (2).
913 3404 956 3465 At
976 3416 1083 3479 magna
1104 3390 1238 3463 conlusio
1257 3396 1308 3459 bic

136 3518 209 3567 cum
228 3503 356 3567 falsitate
375 3504 527 3567 miscetur.
543 3499 707 3581 Religionis
727 3501 816 3575 enim,
837 3508 870 3564 ut
889 3500 1031 3572 diximus,
1045 3497 1103 3561 alia
1118 3512 1187 3575 pars
1203 3509 1308 3572 specu·

135 3600 276 3665 lationem
297 3600 428 3679 respicit,
448 3600 504 3663 alia
526 3600 681 3664 actionem.
703 3596 754 3662 llla
776 3599 858 3662 iubet
880 3605 913 3660 ut
933 3595 1151 3660 convenientem
1172 3591 1308 3656 notitiam

133 3700 177 3763 de
188 3695 249 3762 Deo
258 3698 382 3777 eiusque
396 3697 623 3776 perfectionibus
637 3710 846 3775 assequamur3
861 3696 934 3757 baec
948 3701 1046 3757 autem
1061 3692 1187 3769 imperat
1202 3696 1236 3752 ut
1245 3688 1309 3754 Deo

132 3801 196 3864 rite
221 3799 337 3878 cognito
365 3798 497 3862 debitum
524 3797 699 3875 obsequium
727 3796 844 3860 actibus
863 3795 974 3859 nostris
993 3792 1194 3857 exhibeamus.
1217 3787 1308 3853 Pomo

132 3896 269 3961 secunda
297 3897 372 3960 baec
402 3910 472 3974 pars
500 3894 612 3958 cultum
638 3895 805 3969 constituit;
827 3892 878 3971 qui
900 3891 1041 3972 dividitur
1061 3888 1091 3950 in
1112 3888 1259 3951 internum
1279 3894 1310 3949 et

189 4127 225 4188 (1)
238 4126 302 4176 Vide
319 4126 344 4176 S.
362 4124 485 4184 Tacitum,
502 4122 616 4173 Summa
632 4122 670 4171 tlt.
686 4119 725 4171 2²
740 4120 790 4170 ΞΜ
806 4136 829 4185 q.
845 4120 920 4178 XCV,
936 4136 959 4171 a.
974 4119 998 4170 3.

188 4205 222 4267 (2)
237 4205 302 4255 Vide
314 4205 422 4265 cousus,
432 4203 567 4263 Damnoru,
577 4202 713 4253 Jourrnox
730 4208 756 4251 et
772 4207 870 4251 cetoros
886 4201 981 4267 possim
997 4200 1131 4251 eclectismi
1147 4198 1268 4250 asseclas.
