3159 4934
236 331 320 374 carun
340 331 366 374 u.
385 333 419 374 ns
437 330 600 376 orsaarrorvs
617 333 727 376 suusne
746 333 833 376 anona
852 333 1002 377 onnmrrua
1018 335 1046 377 rrv
1063 336 1141 378 rrum
1237 325 1266 378 ll

100 444 204 524 Atque
224 447 281 508 bae
300 445 419 524 quidem
440 446 591 525 passiones
605 447 798 510 elementares
818 455 848 510 et
867 448 1036 526 primitivae
1054 452 1209 514 habentur.
1224 449 1271 514 Ex

100 545 210 606 harum
229 559 297 607 vero
310 543 467 621 multiplici
481 544 628 608 iunctione
641 545 717 608 aliae
730 554 895 609 nascuntur
911 547 1057 623 passiones
1070 549 1269 626 secundariae,

98 657 179 719 quas
193 641 303 704 mixtas
317 641 463 721 appellare
476 641 554 706 licet.
569 639 747 706 Huiusmodi
765 652 874 718 essent,
889 641 1020 724 incidie,
1035 645 1270 723 commiseratio,

91 737 212 818 pedor,
234 746 263 802 et
284 738 406 814 similia;
428 755 504 817 quac
524 756 580 803 non
606 757 642 803 ex
671 741 733 804 sola
768 741 959 806 sensibilitate
988 743 1141 821 pullulant,
1162 744 1214 806 sed
1234 761 1272 806 ex

97 837 312 900 interventione
326 845 356 900 et
370 853 514 902 concursu
534 841 627 916 partis
641 839 731 902 etiam
746 839 907 902 rationalis.
923 839 985 904 lam
999 841 1083 904 lacile
1096 839 1272 921 intelligitur

99 934 211 998 horum
231 935 361 998 omnium
381 937 542 999 affectuum
563 938 783 1001 tundamentum
807 941 934 1016 primum
964 954 1029 1002 csse
1055 954 1196 1014 amorem,
1219 938 1272 1017 qni

98 1032 210 1094 ceteris
224 1033 471 1111 praesupponitur
485 1050 592 1113 eosque
608 1035 697 1098 veluti
711 1037 839 1115 quadam
861 1037 908 1098 sui
930 1037 1186 1100 transformatione
1206 1052 1272 1115 pro-

98 1129 199 1210 gignit
213 1129 264 1209 (1).

144 1223 192 1292 70.
209 1227 341 1297 Errores
356 1228 424 1298 duo.
440 1230 665 1295 Discutiendum
682 1232 768 1296 modo
783 1240 829 1295 est
841 1249 1000 1311 quamnam
1019 1233 1190 1295 relationem
1204 1248 1272 1295 cum

98 1327 272 1390 moralitate
291 1330 439 1407 passiones
460 1329 614 1404 retineant,
628 1342 730 1392 scu'an
745 1330 905 1394 bonitatem
921 1321 1049 1408 aliquam
1065 1331 1111 1393 vel
1129 1331 1271 1393 malitiam

99 1441 208 1504 perse
229 1427 360 1489 aderant.
383 1425 453 1490 Fuit
473 1429 549 1490 enim
572 1425 736 1492 Stoicorum
757 1428 856 1506 opinio
880 1428 1032 1506 passiones
1055 1445 1106 1506 per
1127 1445 1158 1491 se
1179 1428 1272 1491 malas

98 1539 168 1586 esse
188 1533 218 1585 et
238 1539 361 1600 prorsus
378 1525 581 1600 eliminandas,
597 1527 672 1589 unde
687 1521 842 1591 deebriat
857 1537 910 1596 seu
924 1527 1095 1604 passionum
1111 1527 1273 1589 carentiam

99 1623 129 1683 in
146 1621 279 1699 sapiente
297 1623 484 1701 requirebant
498 1621 548 1705 (2).
565 1621 682 1696 Contra,
697 1622 829 1697 Fourier,
841 1621 953 1702 pollici
965 1621 1146 1686 Somolisme'
1163 1624 1273 1697 fautor,

99 1719 130 1781 in
161 1735 216 1783 suo
244 1719 320 1783 libro
346 1736 435 1800 quem
463 1719 835 1797 reconsecrationem
862 1719 994 1798 domam,
1020 1719 1213 1784 industriam
1243 1721 1275 1782 et

100 1816 330 1898 aprtmttmem
350 1821 508 1896 spectante
528 1818 691 1896 inscripsit,
712 1819 798 1882 docet
826 1820 975 1898 passiones
996 1835 1049 1898 per
1069 1835 1102 1882 se
1122 1818 1272 1898 legitimas

99 1929 170 1978 esse
190 1922 221 1978 et
240 1916 341 1989 bonas,
355 1924 444 1994 atque
464 1916 501 2000 ad
524 1916 580 1979 sibi
601 1917 862 1995 obtemperandum
883 1917 1017 1980 homines
1038 1917 1178 1996 obligare.
1194 1915 1273 1980 Feli·

100 2013 224 2075 citatem
245 2028 314 2075 vero
335 2013 365 2075 in
385 2014 442 2076 boc
463 2015 631 2088 consistere,
651 2015 729 2092 quod
750 2014 860 2078 multae
880 2015 1030 2092 passiones
1051 2015 1216 2078 habeantur
1244 2023 1274 2077 ct
1331 2083 1337 2095 ,

99 2111 197 2174 multa
219 2110 315 2173 media
335 2111 373 2173 ad
393 2112 509 2174 easdem
528 2111 687 2190 explendas
702 2109 755 2191 (3).

99 2387 244 2438 rationem.
257 2385 291 2435 At
301 2387 434 2436 admiratio
447 2403 497 2436 non
508 2400 538 2436 ex
549 2389 660 2437 novitate
671 2388 708 2436 rei
721 2387 867 2448 simpliciter
878 2395 989 2450 sumpta,
1000 2388 1047 2436 sed
1058 2403 1088 2437 ex
1101 2389 1156 2437 eius
1168 2388 1274 2438 raritate

98 2472 124 2514 et
140 2465 278 2516 insolentia
299 2468 431 2516 enascitur.
449 2467 532 2524 Quare
555 2468 606 2516 iam
623 2467 741 2517 subaudit
760 2467 825 2516 alias
849 2469 1027 2530 perceptiones
1052 2483 1146 2527 rerum,
1163 2482 1273 2531 quarum

98 2553 227 2596 consueto
242 2548 330 2596 cursui
353 2554 378 2597 et
394 2547 474 2596 ordini
498 2547 649 2596 adversetur
665 2549 800 2610 repentina
823 2542 867 2597 illa
890 2548 1022 2608 apparitio,
1038 2562 1116 2610 quam
1140 2548 1273 2596 miramur.

98 2627 229 2684 Quoniam
239 2641 301 2676 vero
316 2627 379 2678 ordo
390 2628 527 2676 affectuum
542 2627 681 2691 respondet
693 2627 775 2676 ordini
787 2627 948 2689 cognitionis3
959 2626 1098 2676 clarissime
1112 2632 1184 2689 patet
1195 2627 1273 2676 adrni-

96 2711 303 2774 rationemcsse
320 2722 370 2755 non
391 2721 465 2768 posse
482 2707 592 2769 primum
607 2707 733 2755 affectum.
745 2707 893 2762 Praeterea,
903 2705 1039 2756 admiratio
1056 2715 1096 2756 est
1111 2707 1218 2756 aflectus
1233 2723 1273 2756 ra·

99 2786 215 2845 tionalis,
231 2801 281 2834 non
306 2786 438 2836 sensibilis.
456 2785 542 2838 Oritur
566 2787 633 2835 enim
649 2801 680 2834 ex
695 2785 898 2848 apprehensione
922 2786 1014 2844 eventi,
1030 2787 1102 2834 cuius
1123 2801 1203 2836 causa
1224 2801 1274 2836 nos

99 2867 192 2916 lateat.
207 2865 279 2915 Unde
295 2866 402 2930 requirit
418 2875 446 2915 ut
456 2882 511 2924 res,
523 2867 590 2915 circa
602 2882 679 2930 quam
694 2872 819 2922 versatur,
830 2866 991 2928 concipiatur
1001 2870 1030 2913 ut
1045 2865 1162 2922 effectus,
1172 2866 1203 2914 de
1220 2880 1272 2929 quo

99 2943 274 3010 intelligamus
291 2961 348 2996 esse
365 2947 465 3010 quidem
481 2945 592 3011 aliquam
609 2961 720 3003 causam,
732 2946 777 2996 ssd
793 2946 877 3009 qualis
894 2961 925 2995 ea
941 2947 975 2994 sit
991 2945 1148 3008 ignoremus.
1158 2946 1194 2994 At
1211 2961 1271 2994 vero

99 3041 156 3076 rem
175 3027 306 3088 concipere
324 3032 351 3075 ut
367 3025 491 3086 eflectum,
502 3032 527 3075 et
543 3026 577 3076 ad
592 3032 696 3075 causam
713 3026 882 3088 detegendam
906 3026 1022 3084 tendere,
1042 3026 1150 3076 rationis
1166 3033 1207 3073 est
1222 3039 1274 3074 non
1366 3058 1368 3062 ,

100 3119 234 3155 sensuum.
242 3105 312 3168 Ergo
319 3105 446 3156 Centesius
458 3107 483 3155 in
493 3107 541 3155 hac
549 3107 722 3156 controversia
730 3112 826 3155 statum
836 3105 993 3169 quaestionis
1004 3104 1044 3155 vel
1053 3111 1147 3169 sponte
1155 3105 1275 3169 migravit

101 3185 140 3234 vel
155 3187 254 3236 invitus
271 3199 322 3234 non
338 3187 470 3236 intellexit.

149 3266 186 3330 (1)
203 3263 284 3315 Multa
302 3267 455 3328 passionum,
472 3281 536 3330 quas
553 3267 735 3324 recensuimus,
751 3251 864 3324 nomina,
877 3272 983 3330 propter
1000 3266 1143 3328 analogiam
1162 3266 1273 3314 notionis

100 3354 127 3396 et
143 3347 248 3410 linguae
266 3345 447 3410 paupertatem,
464 3353 619 3409 usurpantur
636 3350 711 3396 etiam
724 3345 757 3394 ad
768 3346 910 3395 consimiles
924 3346 1030 3395 affectus
1043 3347 1180 3395 voluntatis
1192 3347 1272 3408 expri-

102 3429 220 3477 mendos.
232 3427 274 3476 Sic
285 3442 357 3476 amor
368 3426 574 3490 complacentiam
586 3427 661 3476 etiam
673 3425 800 3488 significat
811 3431 837 3475 et
846 3426 1028 3476 adhaesionem
1044 3426 1122 3474 animi
1134 3425 1166 3474 ad
1178 3425 1274 3473 bonum

103 3507 242 3568 rationals;
258 3513 356 3556 etcum
374 3507 437 3556 terri
453 3507 533 3570 possit
550 3505 588 3555 vel
605 3507 629 3554 in
648 3519 783 3566 personam
799 3507 911 3570 aliquam
927 3513 1031 3568 propter
1047 3522 1075 3555 se
1092 3505 1218 3563 dilectam,
1235 3505 1273 3552 vel

103 3589 130 3635 in
150 3602 205 3635 rem
220 3594 324 3650 propter
339 3600 385 3636 nos
402 3587 547 3650 appetitam,
558 3586 635 3635 dividi
651 3584 715 3635 solet
730 3587 756 3634 in
772 3601 887 3635 amorem
902 3586 1028 3635 amicitiae
1044 3592 1071 3634 et
1087 3597 1201 3634 amorem
1217 3599 1276 3632 con·

103 3666 284 3729 cupiscentiae.

154 3748 188 3810 (2)
206 3747 269 3797 Vide
284 3748 431 3805 Lanaricus,
447 3746 488 3796 lib.
506 3747 527 3797 1.

152 3827 187 3890 (3)
209 3828 274 3878 Vide
299 3829 398 3876 Etudes
417 3842 468 3875 rur
489 3827 526 3874 tea
551 3828 747 3888 reformatorem
767 3825 983 3888 contemperatam
1006 3832 1051 3874 etc.
1072 3839 1127 3886 par
1144 3821 1177 3872 M.
1194 3823 1275 3873 Lours

101 3909 233 3959 Riemann.
