3159 4934
315 324 370 381 abt
467 338 510 380 ins
527 337 654 380 aarum
671 354 681 365 ·
700 336 771 378 raas
787 336 824 377 tu.
844 336 885 379 tus
902 334 1132 379 munannrmnaue
1150 337 1198 379 sau
1217 336 1333 378 cemma

788 614 957 678 Aamcunus
979 611 1017 703 ll.

435 751 485 817 Dc
504 750 655 814 relatione
674 748 835 814 Ecclesiae
855 767 924 813 cum
947 748 1094 813 societate
1112 746 1360 811 internetionoli.
1558 760 1560 831 t

355 931 404 999 38.
422 929 603 1002 Necessitas
622 926 828 1005 tractationis,
853 927 982 993 Positiva
1003 926 1134 1005 gentium
1155 925 1344 999 consociatio,
1367 923 1407 985 de
1427 940 1481 1002 qua
1558 934 1560 1013 ᾗ

316 1034 404 1115 paulo
423 1041 491 1095 ante
511 1030 717 1103 disseruimus,
736 1028 870 1091 naturate
891 1025 1067 1104 principium
1090 1023 1265 1089 socialitatis
1284 1022 1322 1084 ad
1348 1022 1398 1083 sui
1426 1037 1484 1083 ma·

316 1135 429 1196 nimum
460 1130 670 1192 incrementum
688 1135 718 1189 et
737 1125 959 1204 explicationem
992 1122 1159 1185 adduceret.
1181 1119 1298 1185 Etenim
1319 1120 1486 1183 commuui-
1559 1160 1560 1207 3

315 1229 459 1294 cntionem
481 1227 665 1305 populorum,
685 1232 829 1303 quatenus
843 1221 1033 1285 relationibus
1055 1236 1133 1282 mere
1154 1219 1292 1281 humanis
1313 1218 1484 1296 respondet,
1559 1228 1560 1271 3

315 1327 451 1392 stabilem
473 1334 502 1388 et
522 1323 688 1387 ordinatam
702 1322 839 1396 efficeret,
860 1327 891 1383 et
911 1320 976 1381 ideo
990 1316 1152 1381 naturalem
1167 1315 1393 1394 propensionem
1408 1316 1438 1377 in
1452 1330 1484 1377 eo

315 1441 421 1506 genere
436 1424 520 1504 plane
536 1421 708 1485 cumularet.
724 1417 801 1482 Hine
818 1417 935 1495 politica
955 1418 1080 1481 societas
1102 1417 1159 1478 bac
1180 1414 1282 1477 ultima
1303 1414 1482 1492 perfectione

314 1532 344 1592 et
365 1522 457 1585 veluti
478 1518 690 1598 complemento
711 1517 857 1591 donatae
878 1516 995 1593 regione
1015 1512 1230 1592 quodammodo
1250 1510 1483 1575 constitueretur

312 1621 463 1687 societatis
484 1618 647 1697 religiosae,
667 1615 806 1677 nimirum
828 1611 988 1687 Ecclesiae,
1007 1628 1082 1692 quac
1105 1610 1281 1675 universalis
1301 1618 1348 1672 est
1366 1618 1398 1673 et
1420 1611 1483 1671 sinu

314 1720 404 1783 veluti
425 1734 477 1781 suo
497 1724 598 1796 gentes
627 1730 728 1778 omncs
748 1712 946 1790 amplectitur.
969 1708 1048 1790 Ergo
1076 1718 1273 1789 opportunum
1299 1709 1367 1782 erit,
1389 1709 1482 1771 instar

314 1818 462 1883 coronidis
483 1815 573 1877 buirus
591 1814 670 1887 libri,
690 1810 946 1890 aliquid'summis
966 1808 1055 1872 labiis
1075 1810 1218 1887 attingere
1241 1808 1277 1871 de
1298 1807 1442 1872 relatione
1456 1815 1482 1868 et

314 1932 400 1990 nexu,
414 1930 472 1994 quo
486 1914 590 1975 ambae
610 1913 666 1974 bae
687 1910 841 1973 societates
855 1924 887 1971 se
901 1908 1026 1971 invicem
1047 1913 1222 1987 spectarent,
1245 1914 1279 1968 ut
1299 1905 1481 1985 intelligatur

313 2014 386 2093 qnid
407 2011 595 2075 emolumenti
617 2025 673 2072 una
694 2025 730 2072 ex
752 2007 844 2070 altera
865 2016 988 2083 captura
1008 2012 1098 2068 esset.

353 2108 401 2176 39.
424 2106 588 2178 Ecclesiae
617 2102 847 2192 praerogatiua,
877 2106 1023 2188 respectu
1052 2098 1211 2169 societatis
1240 2099 1479 2169 Etbnarcbioae.

312 2211 344 2275 In
366 2207 562 2295 comparanda
583 2205 717 2269 Ecclesia
739 2220 808 2265 cum
829 2204 968 2266 societate
982 2202 1173 2293 etbuarebica
1188 2216 1264 2279 opus
1278 2216 1337 2263 non
1351 2216 1420 2263 esse
1436 2218 1483 2263 ar·

312 2309 406 2372 bitror
420 2308 456 2370 de
471 2306 625 2384 utriusque
640 2302 827 2366 distinetione
840 2300 937 2380 quoad
953 2314 1086 2377 scopum,
1098 2298 1315 2372 auctoritatem,
1326 2299 1483 2379 originem,

311 2406 513 2486 organismum
534 2411 623 2481 atque
651 2401 707 2463 alia
728 2399 870 2462 eiusmodi
900 2398 1107 2471 sermocinari3
1129 2412 1196 2459 cum
1221 2397 1348 2475 quisque
1370 2412 1425 2475 per
1454 2413 1482 2461 se

311 2503 397 2567 facile
424 2503 534 2565 indicet
554 2516 588 2563 ea
616 2498 713 2562 omnia
741 2497 801 2559 bac
828 2496 916 2559 etiam
938 2496 1093 2574 quadrare,
1114 2510 1191 2576 quae
1218 2496 1248 2559 in
1275 2496 1362 2559 tertio
1384 2497 1480 2575 capite
1558 2508 1559 2583 ζ

310 2599 472 2679 superioris
492 2598 561 2660 libri
588 2597 625 2659 de
645 2594 780 2659 Ecclesia
808 2594 1011 2667 disseruimus,
1032 2600 1168 2671 respectu
1197 2593 1293 2656 civilis
1315 2595 1478 2657 societatis.
1558 2642 1559 2647 ,

312 2697 389 2762 Nam
410 2695 595 2768 ettmarcbia,
615 2693 652 2756 de
678 2710 735 2772 qua
764 2691 923 2770 loquimur,
944 2699 1023 2755 certe
1050 2692 1176 2754 confinia
1197 2700 1321 2754 naturae
1342 2701 1373 2755 et
1395 2708 1478 2770 prae·

311 2795 403 2856 sentis
425 2795 502 2857 vitae
523 2791 691 2856 felicitatem
713 2805 768 2853 non
791 2790 984 2865 transcendit;
1000 2804 1053 2853 nec
1067 2789 1147 2852 aliud
1162 2806 1263 2853 revera
1279 2791 1406 2853 exhibet
1427 2790 1479 2853 nisi

310 2899 475 2954 extremum
496 2890 568 2953 illud
588 2899 619 2952 et
640 2890 728 2953 veluti
751 2887 866 2951 culmen
889 2888 1159 2967 perfectionisque
1180 2888 1333 2952 socialitas
1351 2890 1481 2953 humanu

310 2990 441 3052 nativam
473 2989 679 3066 evolutionem,
700 2988 729 3048 in
760 2986 871 3048 familia
902 2986 1069 3049 inchoatam
1090 2994 1120 3049 et
1151 2986 1232 3050 civili
1263 2988 1417 3051 consortio
1436 2996 1481 3049 sat

310 3087 469 3165 expletam,
490 3101 542 3163 per
568 3085 700 3165 gentium
727 3084 905 3147 iunctiouem
933 3083 1092 3162 compleret
1119 3093 1149 3146 et
1177 3085 1214 3148 ad
1245 3083 1364 3163 pienum
1393 3087 1480 3149 veluti

309 3193 409 3248 actum
424 3183 591 3246 adduceret.
605 3181 719 3247 Veram
733 3197 802 3245 eum
825 3189 955 3244 terrenae
969 3181 1119 3245 felicitatis
1139 3190 1169 3244 et
1183 3184 1480 3247 mere·humanarum

309 3283 482 3347 relationum
506 3281 638 3343 terminis
660 3281 857 3354 continentum
879 3295 934 3344 non
956 3280 1046 3343 altius
1068 3281 1170 3359 pandit
1190 3281 1254 3343 alas
1275 3298 1367 3361 quam
1384 3283 1481 3346 civilis

310 3379 552 3453 cecidissemus
581 3379 805 3443 destinationem
834 3377 925 3441 veluti
947 3386 1060 3441 tutatur
1088 3386 1117 3440 et
1148 3380 1271 3457 perficit.
1294 3379 1483 3459 Quapropter

311 3478 532 3557 praerogativae
546 3492 658 3550 omnes,
672 3492 755 3555 quas,
770 3476 808 3539 ob
823 3477 1033 3554 praestantiam
1053 3478 1119 3539 finis
1135 3486 1165 3540 ct
1185 3479 1319 3541 altiorem
1336 3480 1482 3559 originem

311 3576 475 3655 potestatis,
506 3574 656 3638 Ecclesiae
690 3581 855 3650 competere
890 3574 1019 3635 diximus
1050 3583 1186 3652 respectu
1218 3574 1322 3639 Status
1358 3578 1482 3655 politici,

309 3682 407 3736 sartae
429 3680 580 3752 tectaeque
600 3672 642 3735 illi
665 3681 782 3733 manent
803 3672 890 3733 etiam
905 3680 1040 3749 respectu
1063 3674 1213 3737 societatis
1234 3674 1481 3739 internatiunalis.
1557 3710 1558 3717 ,

310 3772 356 3837 Ne
374 3774 465 3853 igitur
493 3774 606 3836 iactura
629 3772 770 3850 temporis
796 3770 900 3833 eadem
922 3778 1098 3849 repetamus,
1119 3789 1170 3835 eas
1192 3772 1241 3835 bio
1269 3773 1379 3836 iterum
1403 3790 1482 3837 com·
1557 3788 1558 3793 ’

282 3860 288 3873 ’
310 3886 472 3933 memorare
494 3869 764 3947 praetermittimus.
787 3865 889 3931 Potius
910 3867 1047 3932 nonnulla
1068 3870 1223 3933 innuamus
1245 3871 1332 3944 bona,
1353 3886 1433 3948 qnae
1454 3873 1481 3934 in

310 3968 554 4031 consociationem
576 3968 652 4029 banc
679 3966 821 4047 gentium,
842 3975 988 4044 quatenus
1017 3966 1085 4030 talis
1113 3974 1167 4041 est,
1188 3984 1224 4029 ex
1252 3966 1392 4032 Ecclesia
1417 3984 1482 4047 pro

314 4064 494 4126 ficiscuntur.

352 4157 399 4221 40.
415 4156 577 4228 Ecclesiae
591 4157 725 4227 influxus
740 4158 842 4245 quoad
858 4156 1045 4227 societatem
1060 4158 1293 4229 etbnarcbicam
1309 4159 1479 4229 ineundam

311 4260 343 4323 et
357 4256 615 4324 conservandam.
629 4256 736 4336 Sponte
751 4275 804 4320 sua
819 4274 850 4321 se
864 4258 902 4320 ad
920 4259 1163 4323 considerandum
1177 4260 1274 4334 offert,
1288 4262 1327 4323 ab
1345 4258 1483 4323 Ecclesia
