3159 4934
305 369 307 374 '
407 367 492 410 CAPUT
510 365 536 408 ii.
557 368 591 408 DE
608 366 752 408 SOCIETATE
770 365 850 407 clulbl

518 641 687 722 Auricuuus
708 638 746 704 ll.

228 773 310 854 Quid
327 774 533 840 socialitatem
554 772 688 839 bominis
710 771 753 836 ad
773 777 878 838 coium
898 773 1034 838 redueat.

85 967 134 1036 38.
157 968 331 1056 Exquiritur
351 969 467 1038 leolum
490 968 626 1056 aliquod.
649 969 679 1034 Si
701 970 803 1043 borno,
824 977 857 1032 ut
878 969 1016 1043 unimus,
1030 972 1148 1033 socialis
1167 979 1215 1034 est

41 1076 151 1128 natura
171 1083 238 1142 sua;
254 1067 313 1129 iarn
334 1067 459 1131 societas
480 1084 534 1130 nou
556 1083 632 1145 opus
646 1067 793 1130 factitium
808 1075 837 1129 et
859 1067 944 1144 plane
963 1067 1098 1142 liberum,
1111 1084 1215 1146 quem-

38 1165 201 1230 admodum
216 1163 338 1228 Hubhes
352 1173 382 1225 et
396 1164 551 1228 Rousseuu
566 1166 757 1243 somniarunt,
770 1165 821 1226 sed
838 1172 959 1243 etopus
974 1181 990 1225 a
1006 1173 1109 1227 natura
1120 1167 1215 1228 inten-

42 1269 156 1324 tumet
177 1264 352 1340 requisitum
373 1263 507 1326 habenda
528 1274 580 1326 est.
605 1263 670 1327 lure
690 1263 782 1342 igitur
803 1263 967 1342 meritoque
987 1264 1130 1327 naturalis
1150 1281 1215 1328 esse

37 1364 160 1428 'dieitur
177 1363 209 1428 ld
223 1367 300 1428 onim
315 1367 448 1429 naturale
469 1375 524 1446 est,
537 1367 616 1446 quod
639 1373 761 1429 naturae
782 1367 951 1444 responden
968 1367 1094 1429 societas
1113 1377 1211 1430 autem

40 1471 181 1540 respectu
202 1463 329 1527 hominis
349 1481 403 1527 non
426 1464 512 1528 ruodo
536 1465 754 1527 laudamentum
770 1464 861 1526 habet
875 1465 905 1526 in
919 1472 1034 1537 natura,
1049 1465 1102 1527 sed
1122 1466 1211 1528 etiarn

39 1575 58 1622 a
80 1569 197 1636 natura,
218 1563 347 1644 exceptis
368 1563 487 1626 casibus
508 1579 584 1641 qnos
602 1563 761 1635 innuimus,
784 1562 909 1640 positive
931 1562 1150 1640 praescribitur.

81 1658 124 1721 At
143 1661 280 1739 quoniam
301 1669 424 1726 naturae
451 1661 595 1725 ordinatio
623 1662 733 1723 facturn
763 1676 879 1738 semper
905 1660 1025 1738 aliquod
1052 1661 1154 1740 exigit,
1181 1662 1208 1723 vi

38 1759 128 1822 cuius
150 1769 284 1823 concreta
306 1768 336 1822 et
355 1759 443 1822 realis
461 1760 567 1823 evadat
588 1759 676 1838 (sicut
696 1759 761 1836 ipsa
783 1758 912 1821 essentia
940 1759 1068 1822 bominis
1095 1759 1207 1822 nonnisi

40 1872 93 1934 per
114 1859 224 1920 lactum
247 1859 402 1921 creationis
421 1858 621 1920 exsistentiam
643 1857 765 1936 induit);
787 1857 856 1919 binc
877 1864 924 1919 est
946 1863 979 1918 ut
999 1857 1102 1935 quaeri
1117 1859 1212 1936 possit

35 1954 112 2032 quid
133 1957 249 2033 proprie
271 1955 464 2018 socialitatem
492 1955 619 2020 bominis
647 1955 684 2016 ad
714 1963 813 2017 aetum
836 1955 958 2018 redueat
982 1964 1013 2016 et
1040 1964 1209 2019 concretam

36 2055 159 2117 efficiat.

467 2192 789 2261 PROPOSITlONES.

79 2338 129 2412 39.
152 2346 326 2413 Psorosrrro
350 2347 390 2412 1⁸.
412 2347 515 2414 Homo
533 2367 593 2428 per
611 2348 733 2425 foetum
753 2349 859 2428 ipsum
882 2348 1092 2426 exsistentiae,
1115 2367 1209 2428 quom
1291 2384 1297 2391 ·

36 2446 159 2528 tempii,
180 2447 215 2510 in
235 2448 379 2510 societate
400 2465 469 2510 com
489 2446 562 2510 aliis
584 2447 689 2527 aliquo
710 2447 800 2511 moolo
821 2447 1034 2511 constituitur.
1052 2449 1056 2454 '

44 2589 48 2596 -
78 2544 166 2610 Prob.
189 2544 266 2609 Nam
288 2547 376 2610 bomo
396 2562 452 2610 non
474 2547 560 2610 modu
582 2547 611 2608 in
632 2547 742 2610 ianuilia
763 2549 897 2610 nascitur
911 2555 941 2609 et
954 2547 1098 2609 educatur
1120 2548 1208 2626 (quae

33 2653 119 2710 certe
130 2645 255 2710 societas
266 2648 408 2724 quaedam
421 2645 492 2724 est);
508 2645 659 2708 sedetiam
673 2644 703 2708 vi
714 2644 893 2707 naturalium
905 2644 1088 2718 relationum,
1099 2646 1210 2724 quibus

33 2760 108 2822 erga
129 2743 202 2806 alios
223 2743 357 2806 homiues
378 2743 551 2815 devincitur,
573 2759 641 2806 curn
656 2743 692 2804 iis
708 2741 904 2804 universalem
920 2743 1068 2821 quandam
1086 2742 1210 2806 societa-

36 2849 97 2905 tem
119 2842 265 2914 eliurmat‚
278 2856 355 2918 quae
375 2838 513 2903 bomouo
527 2839 667 2919 appellari
691 2847 800 2918 posset.
817 2837 951 2904 Proiecto
965 2841 991 2902 si
1006 2841 1132 2903 societas
1151 2857 1209 2905 non

32 2940 120 3003 aliud
142 2948 345 3017 sanctonum
367 2955 542 3002 consensum
564 2939 746 3002 voluntatum
769 2947 800 3000 et
819 2941 1021 3018 operationum
1044 2956 1097 3018 pru
1119 2956 1209 3019 scopo

35 3039 146 3116 aliquo,
168 3036 283 3101 collatis
306 3037 431 3114 viribus,
444 3037 614 3110 obtinenda
629 3052 716 3100 nemo
732 3053 786 3100 nun
803 3037 891 3116 videt,
906 3038 1048 3118 homines,
1063 3044 1209 3116 quotquot

32 3140 166 3208 exstant,
187 3135 326 3198 societate
346 3135 474 3214 quadam
497 3136 553 3198 sub
573 3133 644 3210 Deo,
660 3137 791 3198 omnium
813 3135 945 3212 principe
959 3142 989 3197 et
1003 3137 1209 3214 gubernatore,

34 3234 195 3309 contineri;
218 3233 363 3312 siquidem
385 3233 442 3296 boc
463 3233 536 3311 ipso,
557 3233 636 3310 quod
656 3232 752 3295 lucem
773 3232 926 3306 hauriunt,
946 3234 1081 3296 eumdem
1108 3235 1207 3310 tinem,

31 3331 170 3394 eamdem
185 3331 278 3410 legem
293 3347 311 3393 a
325 3337 429 3393 natura
442 3331 686 3408 proficiscentem,
697 3329 775 3392 idem
787 3329 937 3392 vinculum
954 3329 1099 3407 recipiunt
1110 3329 1207 3390 mutui

34 3431 228 3507 amorisque
242 3428 414 3492 alteralteri
429 3429 571 3491 auxilium
586 3444 729 3508 opemque
744 3430 860 3503 alferat,
874 3428 911 3490 ad
928 3429 1035 3491 bonum
1051 3443 1207 3490 commune

30 3527 181 3604 omnibus,
202 3543 306 3604 nempe
326 3527 504 3600 felicitatem,
526 3527 771 3606 consequendum.

80 3621 190 3686 Verum
210 3624 354 3687 eiusmodi
375 3625 500 3706 societas
522 3625 610 3686 nimis
632 3624 775 3704 generalis
795 3633 842 3688 est
863 3633 892 3687 et
913 3641 1005 3704 vaga3
1027 3632 1090 3686 turn
1115 3624 1204 3686 etiam

33 3718 187 3785 sanctione
207 3721 315 3785 visibili
330 3729 359 3784 et
373 3723 465 3785 torma
487 3724 615 3800 positiva
631 3730 720 3797 earet,
735 3725 770 3784 ad
794 3739 882 3801 quarn
899 3724 1027 3800 perfeeto
1042 3722 1128 3784 moun
1143 3722 1208 3784 adi-

33 3819 203 3896 piscendam
226 3835 318 3898 genus
346 3820 507 3882 humanum
530 3820 669 3898 paulatim
693 3821 794 3884 tendit.
816 3820 982 3894 Praeterea,
1003 3820 1053 3882 illa
1079 3821 1205 3883 societas

32 3915 158 3980 nimium
180 3915 272 3980 distat
292 3917 330 3979 ab
351 3917 518 3980 bominibus
541 3919 750 3996 singularibus
772 3920 824 3997 qui
845 3927 926 3981 certe
946 3926 1103 3996 antequam
1136 3933 1208 3980 eum

33 4021 96 4078 tuto
116 4029 221 4093 genere
242 4014 370 4077 humano
391 4031 461 4078 suas
484 4015 638 4079 relationes
659 4016 818 4094 explicant,
838 4032 889 4077 eas
906 4015 1054 4094 explicent
1083 4029 1206 4078 necesse

27 4118 78 4175 est
98 4127 166 4175 eum
186 4113 451 4192 propinquioribus,
466 4113 530 4176 sive
546 4115 675 4192 personis
691 4115 753 4177 sive
765 4113 895 4186 familiis,
910 4130 986 4192 qnae
1000 4113 1073 4191 ipsis
1088 4114 1203 4176 arctius

30 4211 219 4286 copulantur,
233 4219 262 4274 et
276 4227 399 4290 quarum
415 4212 561 4275 consortio
574 4220 659 4290 egent
681 4210 718 4272 ad
741 4210 935 4272 sufficientem
956 4210 1078 4274 tutelam
1092 4220 1123 4273 et
1138 4225 1206 4288 per-

29 4307 187 4371 lectionem
209 4309 265 4374 sibi
286 4310 510 4387 procurandam.
525 4307 607 4372 Haec
627 4309 719 4388 igitur
740 4308 834 4387 magis
856 4309 950 4371 uicina
972 4311 1108 4387 societas,
1127 4317 1206 4384 quae
