3159 4934
226 339 311 384 CAPUT
329 343 354 384 ll.
374 327 408 385 DE
427 343 593 388 ornantibus
609 344 719 388 Humana
738 345 824 388 Pauor
842 346 991 390 ouotuandtt
1010 348 1037 391 ΙΝ
1055 349 1134 392 albati
1230 337 1263 393 81

99 459 259 522 ductionem
280 455 404 519 aliarum
427 457 570 520 virtutum
592 458 630 520 ad
651 464 777 535 quatuor
790 469 988 536 enumeratas,
1001 477 1036 524 ea
1057 463 1143 526 laoile
1159 465 1220 538 fiet,
1236 466 1264 528 si

99 556 293 620 consideretur
314 554 477 617 similitudo
498 555 544 617 vel
564 555 708 634 analogia,
726 572 816 634 quam
837 573 970 636 quaeque
992 559 1087 621 virtus
1109 577 1179 622 curn
1202 561 1264 623 illis

98 653 197 716 retinet
217 654 246 715 in
268 653 385 730 propria
406 652 517 715 ratione
538 653 662 716 formali.
681 652 730 717 Sio
752 652 781 717 S.
797 653 927 718 Thomas
948 657 985 719 ad
1008 655 1200 720 Prudentiam
1216 675 1262 721 re-

99 760 178 815 vocat
198 749 364 829 Eubuliam,
383 749 515 829 Synesim
538 759 567 814 et
588 750 728 814 Gnomeu.
750 750 866 816 Harum
888 754 983 831 prima
1003 762 1051 817 est
1071 755 1166 817 virtus
1191 757 1264 819 bene

97 851 245 914 consilians
266 850 346 912 circa
361 865 404 924 ea,
419 865 494 928 quae
515 850 553 912 ab
573 849 691 912 homine
711 851 825 929 agenda
845 858 921 913 sunt.
944 849 1077 915 Secunda
1093 861 1140 916 est
1161 854 1258 916 virtus

96 950 165 1010 bene
184 948 318 1012 iudicans
338 947 418 1010 circa
440 947 630 1026 particularia
658 950 780 1027 agenda.
803 947 903 1012 Tertia
923 956 969 1012 est
991 950 1097 1027 virtus,
1124 966 1201 1030 quae
1223 952 1263 1014 ad

96 1045 230 1110 iudicium
253 1045 458 1124 proterendum
479 1044 620 1108 adsciscit
643 1046 794 1125 superiora
817 1047 968 1124 principia.
984 1044 1047 1110 llas
1061 1048 1106 1112 sio
1121 1048 1263 1111 describit

96 1141 123 1206 S,
147 1142 267 1207 Doctor:
294 1166 312 1201 «
335 1141 461 1206 Eubulia
490 1143 629 1221 importat
652 1144 812 1208 bonitatem
834 1145 965 1219 oonsilii;
986 1145 1097 1209 dicitur
1121 1146 1198 1208 enim
1220 1143 1261 1223 εὐ,

95 1244 167 1321 quod
188 1252 235 1307 est
255 1242 377 1316 bonum,
392 1251 422 1304 et
436 1239 541 1318 βουλὴ,
554 1243 632 1321 quod
646 1252 693 1305 cst
713 1241 886 1319 consilium,
901 1242 988 1322 quasi
1005 1243 1083 1306 bona
1096 1243 1263 1308 consiliatio

95 1341 136 1404 vel
156 1343 252 1419 potius
269 1341 454 1404 consiliativa
471 1338 541 1419 (l)...
557 1338 678 1419 Synesis
689 1341 834 1419 importat
847 1341 989 1404 iudicium
1011 1351 1157 1420 rectum...
1179 1342 1261 1406 circa

96 1438 279 1518 particularia
304 1438 493 1516 operabilia...
517 1436 600 1502 Unde
621 1439 783 1501 secuudum
805 1439 935 1517 synesim
955 1439 1096 1502 dicuutur
1116 1439 1209 1519 aliqui
1231 1442 1261 1502 iu

96 1553 174 1614 greco
188 1537 321 1615 odoacer,
338 1538 413 1600 idest
428 1537 537 1598 sensati
552 1537 598 1600 vel
613 1529 764 1598 cdodoccot
779 1537 857 1600 idest
872 1538 1003 1600 bomines
1023 1539 1091 1601 boni
1112 1551 1228 1613 sensus;
1247 1555 1264 1602 e

96 1635 236 1698 contrario
250 1636 301 1714 qui
316 1642 417 1697 carent
430 1635 487 1698 hac
502 1637 611 1698 virtute
625 1635 763 1697 dicuntur
778 1630 935 1709 άσύνετοι,
949 1636 1024 1698 idest
1034 1636 1176 1700 insensati
1189 1634 1260 1715 (dl...

94 1731 198 1796 Gnome
219 1735 363 1811 importat
383 1733 541 1810 quamdam
564 1733 819 1812 perspicacitatem
840 1734 941 1795 iudicii
965 1731 1019 1813 (3).
1041 1755 1058 1788 »
1080 1731 1259 1797 Prudentiae

70 1907 73 1920 Ι
96 1841 275 1908 opponuntur
296 1830 388 1893 multa
405 1832 488 1906 vitia,
504 1839 538 1892 nt
551 1845 596 1892 ex.
612 1846 656 1908 gr.
671 1831 885 1908 praecipitatio,
904 1830 1139 1905 inconsideratio,
1159 1836 1264 1894 incon·

98 1927 207 2004 stantia,
228 1930 350 2010 astutia,
371 1936 400 1992 et
421 1945 454 1991 ea
476 1945 550 2007 quae
572 1929 670 1992 vocari
692 1930 766 1991 solet
787 1929 942 2007 prudentia
964 1932 1072 1993 carnis.

128 2027 173 2090 dd
193 2028 343 2112 iustitiam
359 2028 524 2092 reseruntur
538 2026 654 2106 Religio
669 2042 738 2106 erga
753 2025 863 2100 Deum;
886 2026 985 2090 Pietas
998 2043 1068 2106 erga
1085 2035 1220 2105 parentes
1233 2036 1263 2091 et

97 2127 229 2203 patriam3
255 2123 449 2190 Obseruantia
464 2142 533 2205 erga
549 2127 682 2189 homines
697 2125 840 2204 dignitate
860 2132 913 2187 aut
935 2124 1043 2187 virtute
1063 2130 1262 2202 praestantem

94 2221 269 2299 Obedientia,
291 2241 366 2304 quoe
387 2225 590 2287 observantiae
604 2239 672 2302 pars
686 2223 831 2302 quaedam
852 2231 910 2295 est;
930 2219 1089 2285 Gratitudo
1108 2235 1179 2298 erga
1201 2235 1263 2293 cos,

94 2323 224 2401 aquibus
239 2323 413 2386 beneficium
425 2323 608 2400 accepimus;
623 2320 778 2386 Veracitas
792 2320 923 2398 aliaeque
934 2319 1139 2398 quamplures:
1154 2318 1263 2395 quibus

94 2428 274 2498 opponuntur
296 2421 417 2483 totidem
439 2420 585 2483 contraria
608 2420 690 2493 vitia,
712 2428 744 2482 ut
765 2418 981 2498 irreligiositas,
1003 2415 1185 2493 superstitio,
1206 2412 1264 2475 irn-

93 2517 177 2594 pietas
197 2527 228 2581 et
251 2523 357 2581 cetera.
759 2555 762 2562 ·
803 2506 808 2516 ’

127 2613 305 2679 Fortitudini
325 2623 516 2678 accensantur
531 2612 685 2688 Patientia,
700 2613 930 2688 Perseverantia,
944 2611 1184 2693 Magnanimitas,
1198 2612 1261 2676 Ma·

68 2759 72 2765 .
92 2714 269 2792 gnidccntia;
290 2721 319 2776 et
340 2715 534 2778 adversantur
554 2714 715 2787 temeritas,
738 2713 884 2788 vecordia,
905 2713 1117 2792 praesumptio,
1138 2712 1262 2790 pusilla·

95 2811 215 2888 nimitas,
229 2820 261 2876 et
282 2814 325 2876 sic
346 2813 381 2876 de
403 2811 478 2874 aliis

126 2908 258 2990 Denique
273 2912 350 2975 circa
367 2909 603 2988 temperantiam,
616 2909 702 2973 cuius
718 2909 832 2986 species
846 2915 916 2970 sunt
928 2906 1125 2985 abstinentia,
1142 2905 1259 2971 Sobria

93 3014 143 3081 tas,
160 3007 289 3072 Castitas
303 3016 333 3072 et
351 3006 508 3128 Pudicitia,
523 3007 687 3070 coordinari
709 3007 803 3090 solent
822 3003 975 3080 Modestia,
989 3003 1162 3080 Humilitas,
1177 3003 1261 3068 Man-

91 3108 208 3170 suetudo
210 3100 401 3185 ,Eutrapelia
398 3055 558 3184 dliaequm
551 3104 1117 3184 ·quibusopponunturiutemperautia,
1128 3103 1263 3177 luxuria,

93 3203 303 3279 inverecundia,
317 3204 487 3278 crudelitas,
502 3203 667 3266 scurrilitas
687 3211 718 3264 et
739 3202 856 3264 similia

125 3301 237 3367 Horum
262 3319 330 3367 vero
351 3303 448 3366 susam
471 3305 673 3366 tractationem
695 3302 746 3380 qui
767 3301 859 3379 cupit,
873 3301 959 3363 adeat
971 3298 1125 3363 Summam
1146 3296 1261 3360 theolo-

93 3403 182 3480 gicam
203 3403 234 3468 S.
250 3401 390 3468 Thomue.

464 3543 642 3608 Solvuntur
662 3541 873 3625 difficultates.

126 3691 173 3759 86.
201 3695 291 3761 obde.
313 3697 335 3762 l.
357 3695 486 3760 Habitus
507 3697 544 3759 ad
569 3699 626 3760 boo
654 3697 845 3775 requiruntur
869 3703 902 3756 ut
930 3695 1061 3757 tribuant
1080 3691 1254 3754 facilitatem

90 3795 233 3870 operandi.
249 3793 307 3858 Sed
328 3795 365 3856 ad
386 3804 473 3857 actus
495 3794 616 3856 virtutis
636 3809 692 3856 uon
713 3793 879 3872 indigemus
900 3792 997 3871 aliqua
1018 3791 1168 3862 facilitate,
1189 3804 1259 3850 cum

91 3905 123 3954 ex
142 3893 281 3957 electione
304 3893 456 3971 pendeant,
470 3901 501 3954 et
520 3891 595 3954 nibil
615 3891 653 3953 sit
673 3891 788 3953 facilius
809 3906 899 3968 quam
918 3889 997 3968 quod
1014 3888 1148 3965 positum
1163 3895 1208 3948 est
1228 3886 1258 3947 in

91 3997 182 4054 nostra
197 3998 351 4069 potestate.
364 3988 444 4069 Ergo
454 3991 491 4052 ad
507 3991 633 4068 perfecte
647 3989 826 4066 operandum
838 4002 893 4049 non
905 3987 1070 4064 indigemus
1084 3984 1258 4046 virtutibus.

131 4159 167 4221 (1)
189 4161 305 4210 Summa
322 4162 358 4211 tlt.
369 4158 403 4210 2.·
415 4160 462 4210 23⁶
474 4175 496 4224 q.
507 4161 577 4218 Lta.
589 4159 611 4207 1.

130 4239 162 4298 (2)
179 4241 216 4290 Ibi
234 4239 293 4292 a.3.

131 4321 164 4384 (3)
180 4323 219 4372 lbi
235 4338 258 4372 a.
270 4322 292 4372 t.

144 4413 317 4467 Lucumone
328 4439 360 4452 ·-
371 4413 482 4462 Echione
498 4420 522 4461 ct
538 4411 611 4460 iuris
628 4417 750 4456 naturae.
1178 4399 1193 4448 6

103 4491 391 4592 (luteast
399 4506 1548 4643 lomommmufflmpstmmwcgoffi

156 4624 790 4768 lcdquutaqtqopdqta
810 4669 977 4722 Mssa
