3159 4934
388 288 471 329 earur
489 288 522 330 tv.
543 288 577 329 na
594 288 698 331 orricius
717 288 823 331 uouturs
841 289 910 330 neca
931 289 1009 331 atros
1234 277 1283 331 tut

161 394 254 461 Otito.
277 395 314 463 V.
340 395 476 463 Officium
504 416 559 462 non
588 408 682 478 potest
710 400 909 463 contradicere
937 400 1120 463 inclinationi
1149 408 1283 464 naturae.

113 497 207 575 Atqui
222 504 269 559 est
290 504 389 560 contra
404 497 620 561 inclinationem
641 507 763 561 naturae
781 498 905 577 diligere
925 498 1092 572 inimicum;
1110 500 1285 561 naturaliter

112 594 193 657 enim
219 610 393 657 aversamur
419 595 574 659 contraria.
598 594 677 675 Ergo
704 595 821 659 dilectio
849 596 1035 658 inimieorum
1057 612 1113 659 non
1134 606 1181 660 est
1200 598 1286 660 iuxta

113 694 210 773 legem
233 701 365 757 naturae.

154 792 193 857 R.
217 793 415 862 Transmonte
435 797 508 859 mci.
532 804 563 859 et
588 814 665 877 cepo
685 796 760 857 mio.
783 797 832 859 Ad
855 797 970 875 probat.
995 812 1064 859 vero
1084 794 1169 859 disc:
1191 794 1287 859 Natu·

112 890 220 955 naliter
233 908 403 957 aversamur
417 894 572 973 contraria,
587 895 616 955 in
631 904 773 971 quantum
789 900 859 956 sunt
872 894 1029 967 contraria,
1042 910 1134 970 ccttc;
1149 893 1178 955 in
1192 910 1288 973 quau-

114 997 184 1051 tum
199 1004 252 1051 non
267 998 336 1052 sunt
350 991 507 1066 contraria,
522 992 573 1055 sed
589 992 758 1064 conformia,
772 1009 861 1070 nepo.

159 1082 225 1149 Duo
244 1086 273 1148 in
294 1087 412 1151 inimico
432 1088 639 1168 distinguenda
665 1097 749 1152 sunt:
771 1090 848 1152 ratio
869 1088 1042 1152 inimicitiae
1062 1098 1093 1152 et
1114 1097 1218 1151 natura
1232 1090 1287 1152 hn-

116 1184 214 1246 minis.
236 1182 378 1259 Primum,
398 1193 500 1265 utpote
520 1188 604 1251 nobis
625 1187 814 1250 contrarium.
838 1187 867 1248 vi
889 1194 1009 1249 naturae
1029 1203 1220 1261 aversamur,
1237 1204 1285 1249 se·

114 1282 257 1357 cundum,
272 1291 372 1361 utpote
386 1285 558 1365 cognatione
573 1286 655 1348 nobis
669 1286 846 1363 devinctum,
862 1301 918 1348 non
933 1285 1021 1347 modo
1035 1302 1091 1347 non
1106 1300 1279 1348 aversamur
1351 1292 1354 1297 ·

113 1382 168 1445 sed
183 1382 343 1461 diligimus.
358 1384 501 1463 Apposite
516 1382 546 1449 S.
561 1383 702 1449 Thomas:
722 1406 739 1441 ‹
754 1382 956 1464 Unaquaeque
968 1401 1015 1447 res
1026 1386 1199 1448 naturaliter
1213 1385 1282 1449 odiu

112 1482 209 1543 habet
228 1480 258 1543 id
277 1481 354 1560 quod
376 1490 422 1545 est
442 1484 499 1545 sibi
514 1484 704 1556 contrarium,
725 1484 754 1545 in
777 1492 920 1562 quantum
946 1491 993 1545 est
1014 1484 1071 1546 sibi
1093 1484 1284 1547 contrarium.

113 1580 233 1645 Inimici
253 1588 351 1644 autern
382 1590 450 1644 sunt
475 1584 559 1645 nobis
585 1583 733 1655 contrarii,
754 1583 782 1644 in
805 1591 948 1660 quantum
971 1590 1039 1644 sunt
1059 1582 1186 1655 inimici;
1209 1584 1285 1645 unde

113 1680 176 1741 hoc
195 1678 337 1741 debemus
359 1679 451 1743 ineis
473 1680 539 1743 odio
560 1682 676 1744 habere.
699 1679 794 1743 Debet
817 1681 894 1742 enim
920 1681 1005 1743 nobis
1026 1679 1182 1757 displicere
1203 1680 1282 1758 quod

115 1776 203 1839 nobis
224 1773 334 1839 inimici
356 1785 433 1839 sunt.
456 1774 520 1841 Non
540 1786 639 1841 autem
661 1779 745 1841 nobis
767 1786 837 1840 suot
856 1778 1007 1852 contrarii,
1021 1778 1052 1839 in
1072 1786 1214 1856 quantum
1229 1780 1282 1842 ho·

115 1875 211 1936 mines
237 1882 306 1937 sunt
330 1883 360 1938 et
385 1876 574 1939 beatitudinis
599 1890 735 1954 capaces;
757 1884 787 1939 et
811 1876 972 1939 secundum
995 1877 1053 1939 hoc
1073 1876 1214 1939 debemus
1235 1892 1286 1939 eos

116 1971 242 2050 diligere
263 1969 314 2051 (l).
329 1993 347 2029 s
361 1971 441 2036 Idem
463 1974 618 2037 dicendum
640 1975 675 2037 de
690 1974 864 2037 hominibus
880 1973 981 2049 malis;
997 1989 1123 2052 quorum
1142 1974 1284 2037 malitiam

115 2070 183 2132 iure
197 2084 375 2149 execramur,
390 2070 458 2133 licet
474 2079 618 2146 naturam,
633 2072 671 2134 ad
686 2070 910 2134 similitudinem
927 2069 980 2135 Dei
996 2072 1144 2135 conditam
1158 2080 1189 2135 et
1202 2073 1287 2136 nobis

117 2166 311 2241 consimilem,
332 2168 361 2229 in
383 2170 479 2246 pretio
492 2168 637 2231 habemus
651 2176 681 2231 et
695 2184 797 2233 amore
810 2170 1028 2248 prosequimur.
1043 2166 1203 2233 Transmisi
1219 2184 1286 2232 vero

116 2266 272 2339 maiorem,
293 2267 362 2345 quia
383 2266 432 2329 illa
456 2267 613 2345 propositio
635 2283 701 2329 vera
724 2275 777 2341 cst,
800 2268 826 2328 si
846 2268 1032 2345 intelligatur
1045 2268 1082 2329 de
1095 2266 1282 2329 inclinatione

117 2363 279 2426 universali
300 2373 330 2427 et
349 2364 455 2427 rationi
481 2373 684 2439 consentanea,
706 2381 762 2428 non
789 2374 888 2428 autem
910 2365 934 2426 si
957 2365 1137 2443 intelligatur
1159 2364 1194 2427 de
1215 2380 1289 2442 quo

115 2472 244 2540 cumque
265 2463 355 2527 animi
376 2465 487 2542 impetu
509 2474 560 2527 aut
582 2464 811 2543 perturbatione.

592 2744 759 2807 Annicuuus
783 2742 819 2807 li.

524 2876 572 2939 De
588 2877 656 2939 itere
674 2875 889 2954 proprietatis.

103 3126 114 3139 Α
160 3050 364 3136 (requireit.
381 3054 548 3134 Proprietas
561 3070 578 3115 a
593 3073 692 3134 prope
706 3054 855 3118 nominata
872 3063 926 3128 est,
940 3065 971 3117 et
991 3054 1153 3133 generatim
1169 3054 1290 3117 coniun-

117 3155 249 3218 ctionem
271 3153 429 3231 quamdam
452 3153 619 3231 significare
647 3152 772 3233 videtur,
794 3153 822 3215 ui
847 3154 934 3215 cuius
956 3167 1003 3215 res
1025 3167 1081 3214 una
1103 3150 1225 3213 alteram
1247 3153 1292 3213 sic

120 3259 248 3330 spectat,
270 3259 301 3312 ut
320 3250 347 3313 ei
368 3250 534 3322 adhaereat,
549 3250 586 3312 ad
601 3265 724 3328 eamque
747 3250 891 3328 pertineat
907 3246 958 3328 (2).
975 3246 1067 3312 Porro
1081 3249 1138 3310 hae
1152 3265 1200 3313 res
1216 3264 1292 3324 quae

121 3349 166 3410 sic
187 3346 375 3425 copulantur,
391 3354 537 3425 nequeunt
552 3349 691 3426 aequales
706 3362 772 3409 esse
786 3348 862 3409 inter
877 3363 923 3421 se;
940 3346 1068 3421 sedilia,
1082 3361 1159 3423 quae
1173 3345 1292 3422 propria

122 3445 246 3507 alterius
260 3443 376 3518 dicitur,
391 3444 509 3509 interior
523 3446 578 3508 sub
592 3447 650 3507 hac
664 3445 895 3509 consideratione
910 3451 969 3518 est;
985 3452 1130 3524 quatenus
1150 3443 1187 3505 ad
1200 3442 1292 3517 illam,

122 3542 162 3606 ad
183 3559 269 3622 quam
292 3544 425 3623 pertinet,
448 3544 591 3607 referatur
610 3545 695 3623 eique
710 3544 829 3607 seruiat.
847 3541 955 3607 Contra
971 3543 1137 3606 subiectum
1161 3541 1293 3619 proprie-

123 3641 197 3705 tatis
216 3642 422 3721 praestantiam
437 3643 596 3721 quamdam
613 3644 780 3719 praesefert,
795 3649 896 3720 utpute
910 3641 988 3719 quod
1003 3641 1203 3703 exsistentiam
1218 3639 1294 3703 obii-

120 3741 184 3803 ciat
210 3739 376 3805 absolutam
405 3748 435 3802 et
461 3741 605 3803 notionem
633 3740 700 3801 iinis
727 3747 862 3817 respectu
889 3740 940 3817 rei,
965 3754 1054 3814 quam
1075 3739 1130 3801 sibi
1154 3737 1292 3800 vindicat.

170 3928 203 3987 (l)
223 3928 293 3977 Iota.
310 3927 347 3976 2²
361 3927 409 3977 23⁶
428 3944 450 3990 q.
467 3927 506 3983 25,
523 3943 545 3977 a.
562 3927 663 3987 8,a<12.

169 4008 203 4071 (2)
221 4008 277 4057 Hac
293 4008 404 4071 generali
416 4008 598 4071 significatione
612 4008 754 4070 prroprietas
767 4021 815 4055 riou
828 4007 947 4068 exprimit
958 4006 1041 4054 solum
1054 4006 1193 4055 dominium
1206 4012 1293 4055 exter-

121 4103 192 4145 num,
211 4088 352 4137 sedetiam
373 4086 513 4151 applicatur
533 4086 564 4135 tis
586 4087 711 4146 omnibus,
734 4101 799 4149 quae
823 4086 966 4135 substantia
988 4086 1036 4134 sibi
1058 4086 1187 4135 iunctione
1209 4086 1294 4149 aliqua

118 4168 240 4226 devincit,
251 4168 303 4217 sire
320 4167 477 4217 extrinsecus
489 4168 542 4216 aive
553 4167 704 4216 intrinsecus
717 4181 772 4213 earn
785 4165 904 4214 afficient.
916 4164 957 4213 Sic
969 4178 1063 4228 corpus
1074 4172 1100 4215 et
1110 4165 1189 4224 vires,
1200 4166 1293 4230 quibus

121 4248 241 4298 natrucli
258 4263 355 4309 sumus,
366 4249 560 4312 proprietatem
575 4246 685 4311 aliquam
704 4244 845 4295 naturalem
862 4245 1028 4297 constituunt.
