3159 4934
296 296 331 350 l8
815 308 954 352 3333333

192 415 194 418 ’
296 425 413 487 omniuo
434 441 499 487 esse
520 433 553 486 ut
575 426 770 504 (quocumque
793 425 879 487 modo
907 425 936 485 id
965 424 1156 503 intelligatur)
1176 424 1317 488 iudicium
1343 425 1410 488 boni
1431 440 1470 486 33

297 523 366 584 33313
389 523 508 585 moralis
532 523 666 586 facultati
695 523 851 585 sensitivac
876 537 927 582 seu
953 523 1109 600 organicae
1137 523 1299 586 conveniat.
1320 521 1467 586 Iudicium

295 623 374 689 333133
394 621 461 684 boui
483 636 518 682 33
540 621 609 682 mali
632 619 751 682 33333113
779 629 826 682 est
850 618 1018 683 absolutum
1039 628 1069 682 et
1089 620 1289 693 immutabilc;
1318 621 1501 698 3333333333

283 727 392 792 ,nutam
414 728 443 781 et
464 719 615 781 inclinatio
630 719 747 781 sensilis
762 729 808 780 est
823 719 944 781 relativa
965 719 1003 780 ad
1024 720 1245 796 dispositionem
1261 720 1386 782 subiecti
1401 736 1469 782 sen-

295 817 402 890 tientis,
416 825 445 879 et
467 818 599 880 variatur
621 833 672 894 pro
694 817 855 880 variatione
875 832 1062 894 organorum.
1079 814 1128 879 Sic
1143 817 1317 895 frequenter,
1328 817 1420 880 ctiam
1434 818 1465 878 in

294 925 373 978 statu
396 915 541 989 sanitatis,
554 916 634 993 quod
656 915 734 993 sapit
756 916 816 987 uni,
831 931 887 977 non
902 915 981 993 sapit
995 914 1094 990 alleri;
1113 923 1146 976 ut
1160 931 1196 976 33
1214 922 1312 995 gnsrn,
1326 916 1364 976 ad
1379 915 1466 977 cuius

294 1013 458 1090 analogiam
480 1013 642 1074 adversarii
663 1013 844 1089 confugiunt,
858 1011 1025 1088 exemplum
1046 1012 1208 1090 capiamur.

257 1109 263 1128 ’
335 1109 489 1174 Ρ33333333
510 1100 665 1173 1333133333
681 1109 804 1172 33331133
819 1125 869 1170 sen
884 1110 1040 1186 organicae
1054 1124 1107 1170 nec
1121 1109 1263 1171 iudicium
1278 1125 1331 1170 nec
1347 1109 1466 1182 ratioci-

294 1211 439 1271 nationem
450 1225 585 1271 exeroerc
596 1225 649 1271 uec
661 1208 747 1270 ideas*
753 1188 902 1284 3133333133
913 1208 1022 1268 13313333
1035 1215 1166 1284 possunt.
1176 1205 1291 1268 Etenim
1306 1207 1338 1267 in
1347 1222 1466 1283 reprae-

295 1308 435 1370 sentando
450 1307 563 1384 passive
578 1323 697 1385 prorsus
711 1321 742 1367 se
753 1306 876 1378 habent;
888 1305 997 1382 quippe
1009 1321 1084 1382 quae
1098 1321 1115 1366 a
1130 1303 1347 1366 conditionibus
1362 1305 1467 1381 organi

295 1405 464 1477 materialis,
480 1422 495 1466 a
511 1420 569 1483 quo
584 1405 717 1483 pendent,
734 1402 935 1479 praescindere
952 1411 1108 1478 nequeunt,
1122 1411 1211 1479 atque
1228 1409 1341 1463 tantum
1358 1401 1467 1477 3313333

295 1503 400 1584 331333,
419 1511 563 1582 quantum
585 1504 622 1564 ab
643 1501 794 1563 individuo
814 1508 843 1561 et
864 1506 999 1562 concretu
1020 1501 1134 1562 obiectu
1155 1508 1317 1562 murentur.
1333 1499 1467 1563 3133333

294 1602 433 1665 discretio
455 1603 521 1665 boni
543 1601 589 1663 vel
609 1599 678 1661 mali
701 1599 821 1660 moralis
841 1598 949 1660 indicia
970 1607 1106 1675 et-saepe
1126 1591 1374 1669 ratiocinationes,
1388 1612 1465 1658 sem·

284 1715 404 1779 ,perque
423 1700 505 1762 ideas
527 1698 675 1776 generales
697 1696 834 1770 includit;
856 1695 1000 1774 siquidem
1016 1704 1119 1757 natura
1134 1677 1190 1756 'sua
1211 1711 1248 1756 ex
1262 1695 1371 1757 intuitu
1389 1695 1468 1756 rela-

294 1799 404 1884 tionum
426 1805 505 1860 etex
526 1797 636 1859 ordinis
659 1795 865 1873 perspicientia
886 1793 1011 1855 resultat
1024 1802 1054 1854 et
1068 1809 1103 1854 cx
1119 1792 1321 1855 convenientia
1337 1794 1465 1856 actionis

293 1911 361 1958 cum
372 1897 429 1956 fine
441 1895 552 1956 ultimo.
568 1893 647 1972 Ergo
661 1893 697 1953 ad
714 1893 847 1954 altiorem
862 1893 1034 1954 facultatem
1050 1891 1186 2008 pertinet,
1200 1908 1292 1970 qnam
1308 1893 1348 1953 sit
1359 1905 1464 1954 sensus

293 2000 347 2054 aut
367 1993 412 2053 vis
431 1992 655 2070 qualiscumque
675 1991 825 2068 organica.

333 2086 441 2162 Tertio,
452 2089 617 2163 oblectatio,
628 2103 717 2166 quam
732 2090 889 2150 honestum
904 2094 933 2148 33
947 2087 1084 2149 decorum
1101 2087 1184 2150 nubis
1198 2087 1378 2165 ingenerant,
1395 2087 1467 2149 1333-

294 2202 410 2265 333333,
423 2203 511 2265 qucm
521 2177 651 2264 33331331
666 2186 826 2264 turpitudo,
842 2201 894 2262 pen
915 2200 945 2245 se
960 2201 1016 2248 nou
1031 2186 1137 2247 crescit
1151 2201 1205 2247 nec
1223 2186 1365 2247 minuitur
1379 2185 1465 2248 iuxta

295 2285 434 2348 maiorem
450 2287 649 2362 minoremque
661 2284 866 2361 perlectionem
878 2282 1082 2344 sensibilitatis
1098 2289 1225 2356 nostrae,
1237 2290 1288 2344 aut
1301 2298 1352 2359 333
1363 2284 1467 2360 exqui-

294 2384 319 2444 si
321 2385 394 2446 tiore
417 2390 645 2459 temperamento
665 2380 843 2444 fibrillarum
864 2395 1080 2456 corporearum.
1097 2377 1190 2442 Immo
1209 2395 1297 2456 saepe
1318 2381 1465 2442 inversam

294 2482 392 2558 potius
403 2481 543 2542 rationem
556 2473 1091 2610 sequitu&'accommodatnrque0
1022 2479 1118 2554 magis
1132 2477 1467 2562 3313333333133333333

293 2579 450 2642 evolutiuni
471 2576 689 2656 intelligentiae.
711 2573 791 2654 Ergo
812 2574 947 2647 13331333,
969 2589 1058 2653 qnam
1079 2574 1209 2650 respicit,
1227 2589 1284 2636 non
1305 2576 1381 2635 inter
1401 2589 1467 2635 scn-

294 2677 395 2738 sibiles
416 2683 468 2739 aut
488 2675 648 2752 generatim
662 2675 818 2752 organicas
834 2674 910 2734 vires
926 2672 1081 2748 reperitur,
1097 2673 1149 2734 sed
1165 2672 1204 2733 ad
1223 2673 1403 2748 superiorem
1418 2687 1468 2733 re·

293 2774 385 2836 133333
406 2773 496 2833 animi
519 2779 642 2850 partem,
656 2787 730 2850 qnae
753 2772 911 2848 spirituum
933 2770 974 2832 sit
996 2771 1122 2847 propria.

249 2919 267 2932 ,,
334 2866 381 2932 37.
409 2867 650 2932 Puerosrrro‘l
676 2867 836 2930 Iudicium
861 2867 1053 2930 333331313133
1078 2865 1271 2932 adsensum
1283 2830 1463 2946 quemdam

292 2965 489 3045 spiritualem
507 2965 802 3062 33311333333333311.

240 3089 243 3094 ·
334 3061 620 3136 Ρ3313.Η3333133333,
641 3065 692 3141 qui
705 3062 832 3127 ⁸Scutiae
852 3061 976 3127 Scholae
998 3064 1093 3140 prima
1115 3065 1184 3126 iecit
1204 3065 1403 3138 fundamenta,
1426 3066 1465 3126 ad

293 3164 439 3224 notionem
456 3162 521 3224 boni
539 3161 657 3224 33333133
672 3163 701 3222 33
717 3177 768 3224 333
782 3162 988 3236 inducendam,
1002 3162 1170 3226 facultatem
1186 3163 1280 3240 fingit,
1294 3178 1383 3240 qnam
1397 3163 1464 3240 ipse

211 3355 214 3390 ³
279 3374 359 3440 'Mais
376 3373 573 3436 repondraton,
589 3387 648 3421 avez
665 3387 728 3421 vous
745 3375 859 3422 examine
876 3373 1007 3436 beaucoup
1024 3374 1055 3423 de
1077 3378 1142 3424 tetes
1163 3376 1311 3433 d'hommes,
1328 3376 1369 3437 qui
1394 3375 1467 3423 n'out

206 3479 207 3483 =
295 3469 340 3516 pas
352 3467 394 3502 ces
406 3452 545 3515 3333313331
564 3453 694 3502 lites-vous
707 3467 811 3516 surque
828 3468 891 3502 vous
907 3454 964 3502 n'en
981 3456 1167 3503 rencontreriez
1184 3470 1230 3518 pas
1247 3471 1308 3503 3333
1320 3454 1356 3503 133
1367 3458 1465 3504 memes

294 3533 395 3592 33111133,
406 3532 428 3580 13
445 3535 540 3581 memes
557 3532 659 3581 bossesl
677 3531 823 3594 N'importe,
791 3533 873 3581 du
889 3533 911 3580 le
927 3535 1089 3596 cranologur
1100 3535 1120 3582 si
1138 3534 1163 3582 la
1179 3535 1253 3584 bosso
1270 3533 1308 3597 c'y
1326 3543 1426 3591 trouve,
1442 3535 1466 3582 13

293 3613 371 3660 131331
383 3613 470 3671 existe,
482 3612 622 3660 seulement
639 3612 654 3658 11
672 3627 687 3658 3
690 3611 736 3660 ’333
749 3626 793 3674 333
810 3612 956 3675 developpe.
967 3613 1032 3662 Mais
1048 3613 1114 3663 33113
1130 3630 1164 3663 un
1181 3615 1262 3676 grand
1279 3614 1419 3677 ge'omdtre,
1432 3630 1466 3663 un

293 3693 389 3753 grande
406 3691 526 3741 musicieu
544 3691 585 3753 qui
604 3689 674 3738 3331
686 3705 732 3752 333
743 3699 818 3739 33133
829 3692 912 3740 besse.
924 3691 1072 3754 N'importe,
1082 3694 1178 3756 repond
1193 3695 1216 3741 le
1233 3695 1340 3742 33333133
1343 3695 1463 3756 ,3333331

291 3769 356 3817 Μ313
374 3772 458 3833 quand
476 3770 492 3818 il
508 3786 525 3832 y
540 3770 625 3818 aur-ait
640 3769 764 3833 toujuurs,
779 3771 895 3833 reprend
905 3770 928 3818 le
944 3771 1083 3834 saeptique,
1099 3770 1158 3820 telle
1175 3773 1324 3822 conformat
1307 3781 1361 3822 trun
1378 3775 1468 3822 reunie

291 3855 379 3898 avect
369 3850 427 3899 tello
443 3850 565 3914 aptitude,
576 3850 592 3898 il
605 3849 721 3898 ¹faudrait
732 3864 824 3897 encore
836 3864 946 3912 prourer
958 3865 1007 3914 que
1019 3865 1047 3898 ce
1063 3868 1080 3900 33
1082 3851 1129 3900 ’331
1146 3865 1192 3914 pas
1209 3868 1258 3900 une
1269 3854 1358 3917 simple
1371 3851 1469 3902 coinci-

292 3929 370 3977 dence
387 3937 476 3992 etque
493 3929 515 3977 le
534 3928 613 3978 taient
635 3929 696 3978 d’un
718 3930 820 3978 homme
845 3929 910 3977 tient
934 3929 1081 3980 rdellement
1097 3934 1113 3980 a
1129 3931 1153 3979 13
1174 3932 1255 3980 forme
1272 3933 1303 3980 ds
1319 3947 1367 3981 son
1383 3935 1470 3982 33333.

290 4008 393 4070 Groyez,
409 4024 473 4057 vous
491 4008 569 4074 disje,
586 4009 683 4073 repond
704 4009 726 4058 le
748 4008 941 4073 Phre'nologue3
960 4016 985 4058 et
1001 4010 1038 4060 les
1059 4013 1153 4075 esprlts
1176 4012 1219 4076 qui
1242 4013 1390 4062 accueillent
1407 4028 1471 4062 avec

291 4095 491 4150 cmpressement
506 4089 528 4136 le
544 4103 628 4150 vague
645 4106 658 4138 e
675 4089 697 4138 le
710 4088 871 4138 merveilleux
883 4090 1003 4153 croyent!
1021 4091 1054 4140 lls
1070 4097 1116 4140 ont
1132 4093 1283 4149 raison,car
1293 4093 1310 4140 11
1321 4093 1473 4153 s'amussnt,

214 4169 218 4178 “
290 4176 317 4217 33
332 4168 357 4216 13
373 4167 452 4216 verite
468 4182 500 4215 33
516 4167 571 4217 1333
585 4169 732 4231 13331333311
749 4183 798 4232 que
814 4169 986 4218 3131333333
1006 4169 1093 4220 Precis
1110 4158 1241 4221 1111333331.
1253 4173 1285 4221 de
1296 4172 1416 4236 Physiol.
1428 4173 1472 4221 De

289 4251 318 4298 lo
334 4248 471 4302 3333333133,
483 4261 541 4312 pag.
552 4247 600 4297 224
617 4249 642 4297 in
660 4254 732 4297 note.
