3159 4934
299 259 354 316 ato
617 272 660 314 tus
677 271 803 313 sameas
821 290 830 299 -
849 272 917 313 rans
935 270 960 312 rt
978 271 1020 315 rus
1038 272 1146 315 socians

300 386 353 448 sed
373 384 537 448 caelestem.
558 380 632 449 'lota
659 384 737 446 enim
758 390 868 462 quanta
888 390 935 446 est
956 384 986 446 in
1013 384 1204 447 relationibus
1225 390 1371 457 uersatur,
1391 400 1480 461 quae

300 498 352 547 nos
365 484 441 546 inter
459 491 491 546 et
503 481 598 546 Deum
618 482 816 555 interceduut;
832 497 867 545 ac
888 482 976 545 sires
996 483 1072 545 alias
1093 490 1146 545 aut
1165 490 1263 546 cetera
1286 482 1481 571 vitan-chirius

300 582 416 660 negotia
430 580 561 659 respicit,
574 582 605 643 in
625 588 740 643 tantum
754 579 884 658 respicit,
898 578 1093 659 inquantum
1109 580 1147 642 ad
1168 582 1255 643 linem
1271 580 1353 669 illum
1368 580 1478 659 aliqua

301 678 412 741 ratione
433 678 608 751 referuntur,
628 685 681 741 aut
700 678 804 763 referri
823 695 840 739 a
861 678 946 745 nobis
967 685 1099 756 possunt.
1121 676 1150 741 ls
1168 675 1261 756 igitur
1284 694 1393 757 scopus
1426 688 1481 741 est

277 777 281 786 ’
300 776 451 840 societatis
471 775 636 855 religiosae,
655 775 773 838 etiamsi
795 775 872 839 intra
894 782 1015 839 naturae
1036 776 1182 839 cancellos
1202 776 1417 839 consideretur.
1440 775 1478 840 ld

300 874 390 938 etiam
418 890 541 952 scopum
569 873 893 953 constituit'rcligionis
920 874 1077 949 revelatae,
1095 875 1125 936 in
1153 872 1327 937 Ecclesiae
1349 872 1479 939 Christo

300 973 443 1036 instituta.
464 969 529 1035 Hoc
551 979 665 1034 tantum
687 972 847 1035 discrimen
866 980 922 1046 est,
943 972 1021 1050 quod
1043 972 1072 1034 iu
1099 972 1157 1035 bac
1177 973 1244 1035 huis
1269 972 1307 1035 ad
1335 972 1477 1035 alborem

300 1070 444 1144 ordinem,
459 1083 563 1147 nempe
582 1069 704 1147 gratiae,
719 1077 840 1133 evectus
860 1070 910 1139 sit.
924 1077 953 1132 ct
967 1070 1081 1133 cultum
1102 1079 1191 1149 atque
1212 1072 1386 1149 obsequium
1409 1067 1479 1134 Deo

302 1166 512 1247 praestandum
534 1167 673 1245 respiciat
692 1169 810 1230 actibus
830 1175 860 1230 ct
880 1168 988 1229 ritibus
1008 1184 1026 1230 a
1049 1165 1109 1231 Deo
1129 1166 1270 1243 delinitis;
1289 1176 1352 1229 tum
1373 1168 1477 1231 homi-

302 1282 369 1329 nem
396 1265 614 1329 infelicitatem
643 1265 765 1329 alterius
790 1265 870 1329 vitae
891 1281 946 1329 non
967 1265 1211 1345 qualemcumque
1233 1272 1285 1327 aut
1304 1265 1480 1345 quibusque

303 1363 409 1427 mediis
436 1372 616 1443 promoveat,
638 1364 691 1427 sed
713 1364 744 1425 in
769 1364 940 1427 felicitatem
970 1364 1233 1442 supernaturalem,
1253 1379 1330 1442 quae
1357 1363 1477 1427 visione

303 1462 439 1525 intuitiva
460 1460 516 1526 Dei
535 1463 709 1540 continetur,
724 1478 760 1525 ao
779 1462 886 1525 mediis
907 1462 978 1525 huic
998 1461 1144 1525 altissimo
1166 1463 1217 1523 fini
1238 1461 1454 1525 consentaneis.

250 1529 287 1655 >i
345 1556 523 1627 liberior
543 1556 769 1626 nonnullorum.
791 1558 867 1623 Sunt
887 1560 948 1639 qui,
963 1561 1126 1625 catholicos
1147 1575 1179 1621 se
1198 1575 1263 1622 esse
1286 1556 1478 1633 simulantes,
1558 1562 1559 1607 l

302 1674 424 1737 scopum
444 1656 595 1722 Ecclesiae
614 1674 651 1721 es
680 1658 816 1736 religioso
837 1659 865 1719 in
888 1658 1004 1721 civilem
1025 1666 1056 1721 et
1076 1675 1113 1721 cx
1133 1658 1232 1720 divino
1256 1657 1286 1719 in
1306 1656 1475 1719 humanum

302 1763 472 1821 convertere
492 1764 640 1835 satagunt.
655 1752 739 1819 Unde
760 1771 862 1819 sacros
876 1752 1030 1820 Ministros
1051 1756 1226 1835 gravissime
1244 1754 1476 1834 reprehendunt,

303 1854 383 1931 quod
402 1853 531 1916 libertati
554 1853 726 1931 populorum
750 1854 950 1931 procurandae
964 1854 1128 1932 ceterisque
1143 1852 1240 1932 civilis
1259 1852 1389 1915 culturae
1409 1852 1474 1914 cir-

304 1951 379 2015 culis
399 1951 615 2029 amplificandis
635 1967 692 2014 non
714 1952 783 2014 dent
803 1968 932 2031 operam,
953 1953 1004 2014 sed
1024 1952 1054 2015 in
1075 1960 1225 2014 aeternam
1247 1951 1393 2013 dumtaxat
1410 1950 1469 2012 ho·

304 2049 416 2111 minum
438 2049 564 2112 salutem
585 2056 615 2110 et
635 2048 767 2111 divinum
788 2050 961 2129 obsequium
983 2050 1212 2127 promovendum
1234 2048 1407 2111 incumbant.
1432 2044 1472 2109 ld

305 2155 457 2225 tamquam
478 2146 616 2209 vitiosum
636 2144 865 2227 mysticismum
884 2148 1041 2222 damnant;
1055 2162 1122 2210 cum
1137 2148 1303 2210 felicitatem
1318 2152 1474 2223 tempora-

304 2247 378 2309 riam
392 2251 422 2308 et
443 2244 592 2323 politicam
614 2245 714 2308 dicant
727 2261 794 2308 esse
815 2246 892 2309 viam
909 2246 947 2309 ad
968 2246 1140 2308 beatitatem
1161 2252 1317 2318 aeternam,
1331 2250 1360 2305 et
1380 2243 1476 2306 erite·

304 2345 381 2408 rium
401 2359 460 2425 quo
481 2360 550 2407 vera
571 2343 674 2422 religio
694 2343 889 2407 discernatur.
911 2342 1008 2417 Quare
1029 2344 1284 2407 christianismum
1305 2342 1422 2406 civilem
1444 2351 1475 2406 ct

304 2442 500 2508 catholicismi
520 2441 765 2505 restaurationem
787 2442 965 2519 praedicant.

343 2538 402 2603 Hic
422 2555 513 2619 error,
534 2538 587 2618 qui
611 2538 743 2603 Globerti
772 2526 1227 2618 potissimum'propugnatorem
1249 2539 1350 2613 habet,
1374 2547 1472 2603 ortum

305 2638 389 2700 duxit
410 2632 427 2699 a
449 2635 693 2713 Sansimonianis;
716 2636 767 2716 qui
788 2637 967 2701 christianae
988 2638 1121 2717 religioni
1136 2638 1208 2701 vitio
1228 2644 1376 2721 vertentes
1393 2638 1529 2717 quodi·-

307 2734 456 2797 terrestria
483 2734 558 2798 bona
586 2741 793 2809 contemneret,
814 2734 904 2797 aliam
931 2735 988 2813 ipsi
1017 2735 1219 2798 subiciendam
1247 2744 1476 2814 proposuerunt,
1561 2746 1562 2749 ’

306 2848 383 2911 quae
399 2833 578 2896 huiusmodi
606 2834 681 2897 bona
709 2834 811 2896 sedulo
838 2841 1065 2914 consectaretur,
1087 2842 1117 2898 et
1144 2834 1217 2897 nihil
1245 2836 1368 2897 humani
1396 2850 1414 2897 a
1441 2850 1474 2897 se

305 2928 435 2992 alienum
456 2939 583 3009 putaret.
597 2930 655 2995 Sed
675 2946 764 3010 quam
785 2931 877 2993 stulta
898 2934 938 2993 sit
958 2934 1032 2995 haec
1053 2932 1161 3010 opinio,
1175 2932 1310 3010 pluribus
1331 2933 1473 3011 explicari

307 3041 364 3089 non
384 3034 459 3106 eget.
474 3026 590 3107 Religio
609 3029 696 3108 enim,
711 3028 829 3092 etiamsi
849 3030 927 3091 intra
942 3031 1082 3093 terminos
1099 3039 1222 3095 naturae
1243 3036 1405 3109 spectetur,
1419 3047 1474 3095 non

308 3133 429 3200 terram,
442 3126 494 3188 sed
515 3127 627 3189 caelum
648 3127 780 3205 respicit,
801 3143 854 3190 nec
875 3127 941 3190 aliis
963 3128 1153 3192 relationibus
1174 3129 1340 3207 respondet,
1362 3129 1417 3192 nisi
1438 3130 1476 3191 iis

307 3239 384 3303 quae
400 3223 548 3287 bominem
569 3239 637 3286 curn
657 3223 720 3288 lleo
741 3225 918 3288 devinciunt.
930 3224 965 3289 ld
985 3242 1054 3290 vcro
1074 3227 1202 3293 maxime
1222 3228 1320 3291 locum
1342 3229 1432 3291 habet
1446 3228 1476 3290 in

309 3319 449 3402 religione
469 3322 600 3385 revelata
621 3329 651 3385 et
672 3320 784 3385 Christi
805 3320 951 3398 Ecclesia,
965 3324 995 3385 in
1015 3340 1073 3401 qua
1095 3325 1167 3388 ordo
1187 3333 1218 3388 et
1238 3326 1408 3389 oeconomia
1427 3342 1476 3389 su-

308 3421 508 3499 pernatuialis
528 3419 647 3483 omnino
666 3428 721 3483 est.
735 3419 782 3483 Ex
803 3437 862 3498 quo
882 3422 917 3483 fit
938 3429 971 3483 ut
991 3431 1098 3484 munus
1119 3422 1183 3484 eius
1204 3423 1321 3501 proprie
1338 3432 1475 3486 cernatur

308 3520 338 3581 in
359 3519 610 3582 administratione
631 3518 744 3597 gratiae
765 3526 795 3580 et
814 3519 912 3582 divino
933 3519 1024 3594 cultu,
1045 3520 1083 3582 ad
1105 3519 1157 3584 Dei
1179 3521 1302 3600 gloriam
1324 3529 1356 3583 et
1376 3538 1476 3600 super·

309 3618 474 3680 naturalem
493 3617 618 3680 salutem
639 3615 804 3679 animarum
826 3617 1054 3694 procurandam
1069 3610 1123 3682 nec
1143 3619 1228 3682 aliter
1249 3636 1292 3699 ea,
1307 3636 1385 3699 quae
1400 3636 1476 3683 mere

308 3716 438 3792 humana
460 3724 538 3792 suot,
559 3714 688 3793 attingit,
708 3713 766 3776 nisi
787 3722 934 3792 quatenus
954 3716 1025 3777 huic
1046 3708 1322 3805 scopo‘ueeessaria
1337 3726 1410 3781 sunt
1427 3727 1474 3781 aut

308 3812 413 3876 saltem
440 3820 612 3892 opportuna.
641 3809 724 3876 Unde
751 3809 913 3889 Apostolus
945 3812 1077 3876 declarat
1104 3830 1211 3876 munus
1240 3815 1398 3879 sacerdotii
1426 3816 1473 3877 his

312 3911 425 3973 verbis:
452 3901 559 3973 Omnis
581 3909 731 3990 pontifex
751 3927 789 3972 ec
809 3906 984 3973 hominibus
1012 3915 1205 3992 assumptas,
1222 3930 1282 3993 pro
1302 3912 1475 3977 dominibus

312 4006 513 4071 constituitur
532 4009 566 4072 in
586 4009 638 4088 iis,
656 4026 735 4091 quoe
754 4010 832 4071 sunt
851 4004 894 4069 cci
913 4004 1015 4069 Deum
1030 4007 1080 4088 (l).
1095 4008 1171 4073 'lum
1193 4026 1294 4075 sacros
1315 4013 1478 4085 ministros,

360 4213 394 4275 (1)
410 4217 451 4264 Ad
466 4218 544 4269 Beer.
559 4218 591 4268 V.
