3159 4934
328 357 384 416 tat
651 368 693 411 tus
708 364 835 410 maronae
852 380 862 390 -
880 360 949 405 raas
968 364 995 405 n.
1012 360 1054 405 rus
1073 325 1180 404 socmrn

366 483 407 549 Ut
427 482 568 548 iudicium
584 489 716 546 nostrum
732 480 769 543 de
790 478 922 542 doctrina
945 476 1002 540 liae
1016 478 1156 549 ieramus,
1170 473 1300 536 dicimus
1321 472 1370 535 hic
1385 488 1402 534 a
1418 470 1507 536 Mon·

328 584 462 663 tesquieu
474 591 562 661 atque
575 579 697 643 asseclis
712 592 867 657 perperam
882 574 1018 641 contundi
1032 592 1078 639 res
1093 574 1175 647 duas,
1187 587 1264 651 quae
1274 570 1504 649 diligentissime
1569 634 1570 637 ,

328 678 551 760 distinguendae
579 685 661 740 sunt:
683 676 858 739 exercitium
887 674 1025 737 uidelicet
1050 674 1159 735 harum
1183 668 1377 742 functionum,
1398 676 1428 731 et
1458 668 1505 731 ius

329 795 500 859 supremum
520 784 551 841 et
571 775 788 855 primigenium,
810 772 886 835 undo
906 771 974 835 illae
994 772 1154 834 dimanant.
1175 766 1263 841 Hinc,
1281 766 1360 845 qaod
1382 765 1420 829 de
1442 782 1501 829 uno

328 893 430 949 aerum
452 884 508 950 est,
528 876 603 938 male
631 873 810 937 transierunt
829 870 867 934 ad
892 870 981 933 aliud.
1003 869 1052 932 Ad
1073 867 1270 944 transitaque
1298 865 1500 928 confusionem

329 983 360 1039 et
390 974 538 1053 illogicam
568 972 772 1034 deductionem
804 968 966 1048 vitandam,
987 966 1062 1029 duas
1094 970 1247 1045 sequentes
1279 960 1503 1027 constabilimus

333 1071 553 1152 propositiones.

757 1256 1077 1327 PROPOSITIONES.

372 1461 421 1528 98.
438 1461 613 1527 Paorosrrro
637 1459 676 1523 1⁸.
693 1456 732 1521 st
753 1457 817 1522 tria
837 1455 897 1521 illu
917 1456 1026 1520 murata
1047 1452 1244 1519 auctoritatis
1265 1448 1372 1531 quoad
1391 1453 1504 1515 euua-

334 1559 412 1627 dum
433 1558 676 1633 considerentur,
696 1550 846 1637 separata
866 1552 1004 1619 subiecta
1024 1553 1162 1635 erigunt,
1178 1552 1291 1633 quibus
1312 1548 1484 1615 tostaeque.

374 1658 460 1723 Pmlr.
482 1656 623 1722 Diversae
643 1654 827 1735 operationes
845 1652 962 1717 diversa
984 1652 1137 1738 requirunt
1165 1650 1372 1723 instrumenta,
1393 1648 1502 1727 quibus

332 1764 534 1822 exerceantur.
548 1754 641 1834 Atqui
662 1752 761 1816 munia
775 1751 827 1816 illa
848 1751 1034 1815 auctoritatis
1049 1749 1254 1812 diversissima
1276 1757 1347 1810 sunt
1368 1746 1447 1810 inter
1465 1760 1502 1807 se.

333 1854 414 1935 Ergo
434 1855 637 1926 instrumenta,
650 1851 758 1931 quibus
778 1856 980 1924 exerceantur,
994 1864 1046 1912 seu
1061 1849 1203 1921 subiecta,
1217 1846 1326 1926 quibus
1346 1844 1505 1916 insideant,

334 1953 442 2015 debent
461 1943 527 2014 esse
548 1950 674 2013 diuersa.

376 2048 409 2113 ld
424 2048 606 2112 manifestius
626 2052 757 2125 apparet,
771 2047 798 2108 si
821 2046 1006 2123 ponderetur,
1021 2044 1059 2106 ad
1074 2044 1172 2106 munia
1187 2042 1237 2105 illa
1251 2044 1307 2105 rite
1319 2040 1503 2120 exequenda,
1569 2056 1570 2061 ¹

335 2148 470 2210 diversas
492 2145 601 2224 requiri
622 2144 716 2219 dotes,
729 2159 805 2223 qnae
820 2142 978 2206 difficiliter
993 2145 1021 2204 ia
1036 2142 1137 2205 eodem
1159 2141 1290 2203 subiecto
1305 2137 1505 2203 cumulantur.

334 2243 424 2306 Alius
437 2243 514 2305 enim
529 2241 669 2304 scientiae
686 2250 847 2320 apparatus
861 2249 891 2303 et
907 2240 964 2302 alia
980 2240 1142 2303 dexteritas
1162 2238 1271 2317 ingenii
1291 2236 1455 2316 requiritur
1476 2237 1504 2298 in

334 2357 379 2415 eo,
392 2340 444 2419 qai
465 2340 501 2403 de
521 2338 682 2402 sciscendis
703 2337 819 2417 legibus
838 2337 992 2411 deliberat,
1010 2352 1120 2417 easque
1140 2335 1302 2415 generatim
1324 2333 1506 2413 contempla·

335 2448 398 2513 tur;
413 2454 502 2516 quam
524 2437 552 2500 in
572 2437 621 2515 iis,
635 2437 687 2516 qui
705 2435 824 2499 illarum
846 2438 906 2500 vim
928 2436 966 2497 ad
988 2444 1098 2499 nantum
1121 2432 1258 2497 socialem
1281 2432 1502 2511 producendum

334 2535 560 2615 applicantem
579 2534 748 2598 earumdem
769 2533 837 2596 lnce
858 2532 1048 2612 particularia
1069 2534 1148 2607 lacta
1170 2531 1344 2594 diiudicant.

375 2632 455 2697 ldem
469 2634 677 2712 ,confirmatum
691 2632 718 2693 si
738 2630 883 2710 fragilitas
907 2630 1069 2695 voluntatis
1090 2632 1236 2693 humanae
1251 2636 1414 2707 spectetur.
1431 2628 1504 2693 Nam

328 2730 498 2809 periculum
519 2731 642 2803 abusus,
662 2729 741 2808 quod
769 2729 853 2791 timet
873 2724 1086 2807 Montesquieu,
1110 2736 1180 2792 tunc
1201 2743 1302 2805 reapse
1324 2727 1418 2806 viget,
1440 2744 1505 2791 cnm

335 2843 393 2889 una
414 2842 538 2906 persona
555 2835 608 2889 aut
627 2827 704 2889 idem
727 2826 843 2890 omnino
864 2834 966 2889 coetus
986 2842 1086 2891 omnes
1107 2826 1173 2888 illas
1194 2834 1292 2905 partes
1314 2826 1503 2890 auctoritatis

335 2924 445 3003 implet.
466 2924 509 2987 Aa
528 2926 603 2987 satis
623 2933 753 2998 cavetur,
767 2924 886 3002 quando
906 2924 1079 2987 exercitium
1101 2924 1231 2987 divisum
1253 2931 1298 2986 est
1319 2924 1350 2986 in
1368 2938 1508 3003 personas

335 3030 389 3084 aut
408 3029 508 3085 coetum
521 3022 638 3085 omnino
657 3022 789 3086 diuersos
810 3021 885 3085 inter
906 3038 948 3095 se,
963 3023 1014 3100 qui
1035 3021 1140 3085 iisdem
1162 3020 1389 3098 cupiditatibus,
1404 3022 1506 3085 eodem

336 3118 445 3193 studio,
459 3118 622 3198 iisdemque
642 3117 831 3198 praeiudiciis
850 3119 929 3183 allici
951 3127 1105 3198 nequeunt.
1122 3119 1164 3182 At
1183 3120 1241 3182 hoc
1256 3134 1312 3182 non
1333 3125 1381 3181 cst
1394 3118 1509 3197 aliquid

335 3230 442 3280 novum
462 3223 493 3278 et
513 3216 647 3279 mirabile
667 3234 685 3279 a
707 3214 912 3297 Montesquieu
940 3217 1060 3297 eiusque
1081 3216 1184 3280 schola
1209 3217 1434 3295 excogitatum;
1458 3217 1508 3281 sed

335 3314 482 3377 dictamen
502 3320 549 3376 est
570 3312 774 3392 pervulgatum
796 3322 825 3377 et
845 3315 1093 3393 antiquissimum.
1108 3312 1224 3393 Ubique
1245 3315 1367 3377 enimet
1388 3330 1507 3393 semper

335 3411 529 3475 insatietatis
550 3412 759 3490 gunematione
780 3412 836 3476 rite
856 3413 1016 3476 ordinanda
1034 3422 1094 3475 tres
1115 3411 1181 3475 illae
1197 3412 1385 3476 auctoritatis
1408 3421 1509 3491 partes
1566 3428 1567 3431 ¹

335 3511 485 3574 distinctis
507 3510 731 3589 magistratibus
752 3510 881 3574 tnbnme
901 3518 970 3573 sunt
990 3518 1019 3574 et
1044 3511 1224 3573 tribuuntur.

374 3604 424 3671 99.
440 3605 615 3671 Paorosrrro
625 3602 667 3669 2⁸.
679 3604 718 3670 Si
729 3605 908 3687 functiones
921 3604 995 3671 ittae
1008 3608 1216 3683 auctoritatis,
1228 3622 1290 3669 uou
1305 3604 1410 3687 quaem
1425 3624 1509 3670 euer-

335 3703 452 3781 ca‘ia'um,
468 3702 523 3767 sed
541 3705 577 3767 iu
596 3701 701 3768 raattce
720 3708 910 3785 spectantur,
931 3705 1084 3768 unitatem
1104 3702 1233 3769 subiecti
1250 3704 1429 3784 postularat.

377 3800 464 3866 Prob.
480 3803 662 3884 Auctoritas,
676 3803 732 3866 etsi
753 3801 852 3880 plures
873 3802 1028 3867 iaoultates
1050 3802 1190 3883 operandi
1211 3803 1311 3876 habet,
1334 3809 1434 3865 tamen
1455 3817 1511 3880 per

337 3916 378 3974 se,
389 3902 477 3964 ctiam
493 3907 628 3965 concrete
641 3907 774 3980 accepta,
788 3917 845 3963 nna
861 3910 916 3975 est,
930 3916 1035 3980 nempe
1049 3901 1094 3964 ius
1109 3901 1263 3965 ordinandi
1277 3899 1510 3963 multitudinem.
1565 3888 1566 3897 ’

337 3990 430 4076 Atqui
449 4015 505 4061 una
527 4014 578 4077 per
600 4014 632 4062 se
652 4007 682 4062 et
702 4007 837 4063 concrete
858 4014 913 4063 non
934 4006 1023 4074 esset,
1038 4000 1094 4061 nisi
1115 4000 1283 4063 subiectum
1305 4014 1395 4061 unum
1419 3999 1514 4063 inlar-

303 4103 306 4110 ·
334 4103 445 4253 ἒοετεη
460 4096 605 4175 siquidem
619 4096 648 4161 vi
662 4097 797 4174 subiecti,
812 4096 842 4159 in
856 4114 915 4177 quo
930 4098 1048 4173 residet,
1063 4104 1200 4163 concreta
1214 4104 1244 4161 et
1265 4097 1354 4162 realis
1366 4099 1483 4162 efficitu
1489 4117 1513 4163 r.

364 4206 418 4271 rgo
438 4199 494 4257 ete.

376 4285 417 4352 Et
431 4305 510 4371 sane,
520 4292 667 4369 quomodo
680 4309 748 4356 vera
764 4294 862 4357 unitas
875 4294 907 4357 in
922 4302 1056 4361 concreta
1072 4295 1211 4361 societate
1221 4310 1380 4377 exsurgere
1394 4306 1513 4373 posset
