3159 4934
334 283 389 340 333
654 299 696 341 333
713 299 838 342 uacuare
855 317 865 328 ·
884 299 951 342 rans
968 300 994 342 33.
1014 301 1055 343 rus
1072 300 1179 344 3333333

336 409 591 490 33331333333333,
612 412 663 474 sed
682 415 771 475 etiam
791 413 889 491 quoad
908 414 1069 503 essentiam
1082 423 1112 478 et
1125 417 1508 500 3333333333333333333333

335 511 470 585 potestati
498 507 577 571 civili
608 509 774 572 subiectum
802 527 868 574 esse
895 510 1041 575 dixerunt.
1062 509 1127 586 Qua
1148 514 1177 576 in
1198 530 1230 578 re
1250 515 1309 579 duo
1330 524 1507 594 peccarunt.

336 602 480 679 Primum,
500 615 635 696 naturam
662 608 751 670 buius
777 618 947 672 contractus
975 625 1127 700 perpe-ram
1152 612 1373 688 intellexeruut3
1393 615 1510 677 deiude

333 702 523 766 elevationem
543 705 671 768 eiusdem
693 721 710 766 a
732 702 850 768 Christo
870 706 979 770 factam
1000 723 1057 771 333
1081 709 1256 788 cogitarunt.
1271 710 1320 774 Ad
1341 728 1389 776 eos
1404 713 1508 790 igitur

334 801 515 876 refellendos,
536 803 591 865 sub
612 802 720 880 duplici
740 810 863 880 ,aspectu
892 804 1111 868 matrimonium
1137 807 1315 870 considerari
1339 810 1439 888 debet,
1464 812 1511 873 ui·

333 900 443 962 mirum
464 900 494 962 33
515 917 569 964 333
591 902 765 978 perfectione
785 917 865 964 mere
886 902 1021 978 naturali,
1042 913 1187 983 quatenus
1206 913 1375 969 contractus
1396 916 1462 982 333
1479 918 1510 971 33

333 999 364 1060 33
386 1014 441 1060 333
462 998 637 1076 perfectione
658 999 886 1077 supernaturali,
900 1008 1045 1078 quatenus
1065 1003 1094 1064 33
1115 999 1251 1066 Ecclesia
1272 1001 1383 1067 Christi
1397 1006 1444 1067 ad
1460 1023 1510 1068 sa·

334 1097 478 1159 crementi
507 1096 679 1174 dignitatem
709 1096 853 1160 evehitur.
880 1095 927 1160 133
956 1106 1079 1177 utroque
1107 1101 1204 1178 capite
1219 1177 1223 1184 ¹
1236 1102 1464 1166 matrimonium
1491 1122 1508 1167 a

335 1201 481 1274 potestate
501 1194 583 1258 civiti
605 1193 729 1272 pendere
749 1210 806 1257 nun
828 1211 911 1272 posse
932 1196 1207 1262 demonstrabimus.

377 1293 454 1356 Ante
469 1299 565 1356 tamen
579 1293 771 1366 advertimus,
782 1301 875 1356 totam
890 1295 947 1357 bac
961 1294 991 1356 in
1006 1311 1037 1358 re
1052 1295 1247 1360 confusionem
1262 1297 1329 1362 iude
1340 1299 1507 1376 profectam

336 1407 412 1465 esse,
433 1390 510 1469 quod
534 1391 644 1468 politici
665 1389 705 1453 illi
730 1388 847 1454 Statum
862 1391 977 1454 civilem
993 1393 1082 1455 veluti
1097 1393 1304 1472 omnipotentia
1320 1395 1507 1478 donaverint,

338 1489 368 1550 vi
379 1489 464 1552 33333
475 1492 539 1552 3333
553 1490 657 1564 omnia,
666 1505 742 1569 quae
752 1489 867 1551 civibus
877 1489 1038 1564 inhaerent,
1047 1492 1234 1570 progigneret
1243 1503 1510 1574 conseruarctquc:

336 1585 369 1650 ld
390 1594 487 1650 autem
510 1587 676 1650 ubsurdum
690 1594 745 1649 est.
760 1583 837 1650 Nam
853 1584 956 1650 Status
973 1589 1072 1650 3333133
1094 1589 1150 1653 hoc
1171 1590 1229 1652 sibi
1249 1591 1512 1680 3333333333333

336 1700 399 1747 cem
421 1693 451 1747 et
470 1685 619 1770 iustitiam
633 1685 711 1747 iuter
729 1684 825 1748 socios
847 1692 993 1763 procuret,
1014 1701 1123 1765 eosque
1143 1686 1377 1778 feliciores
1307 1690 1435 1765 efficiam
1452 1693 1506 1754 sed

333 1783 457 1844 multa
449 1799 514 1845 rura
536 1765 706 1844 subaudit
698 1797 756 1844 3333
781 1782 964 1858 exsistentia,
985 1783 1094 1861 quibus
1114 1799 1170 1847 333
1191 1786 1336 1849 internam
1357 1788 1425 1865 3333,
1450 1789 1506 1852 333

335 1888 487 1974 externam
509 1887 622 1942 tantum
644 1879 766 1942 tutelam
787 1879 927 1957 impertit.
949 1877 1042 1952 033
1034 1897 1063 1943 33
1086 1897 1118 1945 33
1132 1889 1164 1944 33
1177 1898 1260 1945 33333
1276 1885 1392 1958 3333333,
1405 1885 1508 1963 dispi-

315 1957 472 2042 ‘ciendum
494 1986 539 2040 cst
559 1980 644 2041 cuius
665 1977 781 2056 generis
802 1978 957 2054 sintiura,
979 1978 1141 2058 dequibus
1165 1981 1273 2058 agitur.
1290 1979 1409 2045 Praeter
1416 1998 1500 2044 enim

335 2078 402 2140 iura
417 2075 546 2150 socialia,
560 2093 635 2154 quae
648 2093 684 2138 33
699 2077 777 2139 33333
791 2077 941 2139 societatis
957 2076 1094 2154 politicae
1108 2086 1297 2154 enascuntur,
1310 2071 1434 2142 adsunt
1425 2096 1501 2142 rura

337 2173 852 2262 33333333333333133,3333333333
873 2174 1044 2269 3333333333,
1062 2175 1192 2237 333333·
1183 2193 1249 2239 3333
1264 2176 1406 2257 religiosa,
1420 2194 1505 2257 quae

276 2347 280 2354 ,
336 2273 472 2336 altiorem
486 2274 596 2336 habeut
610 2272 764 2352 originem,
777 2280 808 2335 33
821 2289 839 2334 3
854 2254 994 2336 societate
1008 2272 1088 2335 civili
1110 2288 1231 2352 prorsus
1251 2255 1377 2354 rudepe‘
1375 2275 1504 2339 dentem

335 2371 370 2437 13
391 2373 465 2435 13333
486 2387 517 2433 33
538 2372 669 2450 ingerere
690 2368 785 2432 civilis
811 2377 942 2447 potestas
966 2370 1087 2432 minime
1108 2378 1213 2450 potest,
1234 2373 1306 2451 3333
1326 2375 1356 2435 33
1377 2372 1503 2436 alienam

337 2481 465 2550 segetem
479 2470 584 2533 falcem
599 2470 725 2541 iniiciat;
742 2468 795 2531 sed
812 2483 862 2531 eos
877 2467 955 2550 solos
973 2477 1126 2546 respectus
1146 2470 1243 2548 quoad
1258 2469 1308 2532 3133
1323 2471 1504 2548 moderatur,

333 2571 387 2650 qui
408 2586 445 2632 33
465 2569 580 2648 iisdem,
603 2576 752 2646 tamquam
775 2566 886 2628 surculi
907 2566 945 2628 ab
966 2566 1066 2629 radice
1086 2574 1250 2640 333333333,
1265 2568 1361 2630 333333
1375 2568 1459 2632 civili
1474 2585 1503 2630 sc

336 2669 525 2743 interserunt,
548 2675 637 2744 atque
658 2665 723 2728 ideo
744 2663 848 2727 civiles
869 2664 991 2726 effectus
1011 2662 1262 2729 communiales
1282 2672 1361 2740 sunt,
1381 2667 1423 2729 ad
1443 2683 1506 2729 ma·

338 2767 508 2829 trimonium
530 2765 608 2844 quod
630 2764 764 2842 pertinet,
779 2761 904 2825 confinia
925 2762 1078 2839 potestatis
1098 2763 1289 2839 paternae,vi
1310 2771 1436 2828 naturae
1451 2780 1506 2828 333

339 2862 413 2924 satis
433 2863 634 2935 determinata,
656 2860 727 2924 ordo
748 2859 945 2922 successionis
965 2858 995 2920 iu
1015 2858 1196 2922 haereditate
1216 2860 1369 2937 capienda,
1388 2871 1507 2940 tempus

269 2997 272 3001 -
336 2960 541 3038 emancipandi
565 2960 652 3034 tilios,
674 2958 766 3037 tutela
788 2956 907 3037 publiea
928 2956 1102 3036 coniugibus
1129 2958 1313 3035 praestanda,
1336 2967 1430 3038 atque
1450 2961 1507 3022 alia

337 3059 519 3122 huiusmodi.
541 3057 598 3122 His
618 3057 785 3137 praetactis,
804 3062 975 3134 sequentem
996 3054 1217 3118 constabilimus
1236 3056 1480 3136 propositionem.

730 3285 963 3390 eaornsruu
984 3255 1109 3354 333333

378 3450 425 3517 17.
447 3449 702 3527 Matrimonium,
729 3448 864 3529 exceptis
883 3446 1041 3527 effectibus
1053 3466 1147 3518 ‚mere
1166 3447 1320 3526 ciuilibus,
1340 3449 1375 3513 in
1398 3450 1509 3515 3333333

331 3550 487 3634 potestati
507 3547 592 3612 cicili
611 3566 674 3611 333
693 3545 846 3610 subditur.

377 3649 464 3714 Prob.
477 3648 498 3713 l.
514 3646 624 3727 Nequit
639 3646 743 3710 subiici
759 3647 898 3725 potestati
912 3644 992 3708 civili
1006 3644 1047 3719 id,
1060 3645 1138 3723 quod
1152 3645 1190 3707 ad
1205 3645 1271 3707 iura
1286 3644 1418 3722 pertinet
1429 3663 1508 3710 mere

336 3749 509 3825 domestica,
525 3745 688 3827 personalia
707 3752 737 3809 et
751 3744 897 3824 religiosa.
912 3743 1007 3822 Atqui
1029 3743 1087 3805 tale
1106 3749 1151 3806 est
1172 3743 1396 3806 matrimonium
1414 3745 1445 3806 33
1459 3761 1509 3806 33·

335 3857 427 3911 turae.
443 3845 523 3925 Ergo
543 3844 761 3908 matrimonium
782 3843 811 3906 33
832 3848 955 3904 3333333
975 3857 1031 3904 333
1053 3840 1190 3904 subditur
1210 3841 1349 3918 potestati
1372 3841 1469 3904 civili.

375 3942 415 4006 Et
428 3960 505 4017 saue,
520 3942 646 4006 societas
661 3939 756 4004 ciuilis
770 3939 912 4002 subaudit
924 3939 1094 4001 societatem
1110 3937 1318 4012 domesticam;
1334 3953 1370 4001 ac
1383 3939 1508 4017 proinde

337 4038 401 4101 3333
421 4039 484 4101 3333
505 4056 560 4102 333
582 4045 672 4113 33333,
693 4038 743 4101 333
764 4037 899 4116 agnoscit
918 4045 948 4099 33
969 4043 1078 4099 tuetur.
1093 4033 1191 4109 Quare
1205 4051 1239 4098 ea
1253 4035 1362 4114 omnia,
1377 4052 1458 4115 quae
1471 4036 1506 4098 ad

334 4135 570 4202 constitutionem
592 4137 688 4216 ipsam
708 4135 846 4209 familiae,
867 4143 956 4214 atque
970 4135 1033 4198 eius
1047 4135 1193 4196 internum
1208 4131 1337 4212 regimen
1357 4142 1506 4211 spectant,

334 4246 521 4312 nequaquam
533 4233 622 4298 civili
637 4234 773 4313 potestati
787 4234 999 4307 subiiciuutur;
1015 4232 1161 4312 siquidem
1175 4231 1216 4310 id,
1232 4231 1312 4311 quod
1327 4239 1436 4296 natura
1451 4250 1505 4296 sua
