3159 4934
313 312 349 370 10
830 322 969 366 aranon

313 446 343 501 et
364 445 526 502 ceterorum
541 438 772 516 appetendorum
787 438 828 499 sit
842 440 919 501 ratio
933 437 1093 500 sufficiens.
1109 436 1141 501 ld
1156 445 1255 500 autem
1269 438 1298 499 in
1313 435 1488 501 felicitatem

313 537 459 616 quadrare
475 551 559 599 nemo
573 552 629 600 non
648 536 737 599 videt.
753 533 870 598 Etenim
885 550 954 597 cum
968 551 1020 599 nos
1034 551 1096 598 rem
1112 535 1291 615 peculiarem
1304 534 1490 614 appetimus

314 637 343 697 in
364 651 399 698 ea
420 635 539 697 minime
561 636 707 708 sistimus,
721 634 772 696 sed
791 636 930 698 continuo
950 635 988 697 ad
1008 633 1097 696 aliam
1119 649 1338 711 promovemur3
1360 649 1489 712 eamque

314 748 381 795 cum
396 733 548 810 assequuti
564 732 665 806 simus,
681 731 799 795 tertium
814 731 894 794 aliud
908 730 1121 806 desideramus,
1135 740 1223 810 atque
1242 733 1283 793 ita
1298 746 1397 808 porro,
1412 732 1488 810 quio

314 846 441 909 unquam
456 830 641 908 propensioni
656 829 851 908 undequaque
870 831 1008 893 satisfiat.
1029 827 1109 909 Ergo
1130 829 1248 908 siguum
1263 837 1309 892 est
1329 844 1381 892 uos
1400 829 1490 892 ineli-

314 928 429 991 natiooe
444 936 565 990 naturae
586 930 614 989 ln
636 927 667 989 id
686 928 765 1000 ferri,
779 927 859 1005 qnod
880 927 909 988 io
932 927 1130 1005 peculiaribus
1144 928 1229 990 bonis
1243 927 1286 988 sic
1307 926 1429 1005 relucet,
1452 935 1488 988 ut

314 1025 397 1103 plene
422 1039 477 1088 noo
502 1026 696 1087 contineatur.
717 1022 781 1088 Hoc
802 1033 902 1087 autem
924 1024 1089 1087 aliudesse
1111 1025 1220 1103 nequit,
1241 1023 1299 1086 nisi
1321 1025 1428 1087 bouum
1452 1033 1489 1085 ut

315 1122 372 1185 tale
399 1131 455 1197 est,
482 1131 513 1183 et
539 1123 618 1200 quod
646 1123 775 1184 naturali
796 1123 942 1185 desiderio
962 1123 1105 1200 explendo
1132 1123 1215 1200 plene
1243 1123 1388 1200 congruit.
1416 1120 1486 1186 Hoc

317 1221 422 1282 bouum
443 1219 608 1299 appellatur
635 1220 770 1283 felicitas,
792 1218 914 1295 Deinde,
935 1220 1049 1298 siquis
1077 1235 1110 1282 se
1136 1220 1293 1297 diligenter
1312 1220 1491 1299 interrogat,

315 1318 474 1395 comperiet
495 1319 623 1395 profecto
642 1334 673 1380 se
694 1318 723 1380 in
744 1319 869 1397 singulis
889 1318 1118 1396 appetitionibus
1138 1319 1249 1382 idcireo
1270 1318 1417 1380 obiectum
1433 1334 1488 1380 cu-

315 1431 393 1493 pere,
407 1416 477 1493 qnia
493 1416 590 1494 aliquo
605 1422 691 1494 pacto
706 1417 875 1479 beatitatem
891 1416 947 1478 sibi
961 1416 1056 1478 affert.
1072 1414 1121 1478 Sic
1141 1416 1166 1477 si
1185 1415 1252 1494 quis
1265 1430 1304 1477 11
1319 1425 1348 1478 11
1362 1431 1489 1478 causam

315 1521 468 1591 quaereret
482 1529 536 1575 cur
547 1505 699 1576 scientiam
715 1521 766 1575 aut
778 1513 935 1576 sanitatem
950 1520 1002 1575 aut
1013 1512 1133 1575 divitias
1144 1521 1195 1574 aut
1205 1513 1277 1592 quid
1288 1513 1369 1575 aliud
1383 1520 1492 1590 optas;

315 1626 372 1674 non
392 1611 471 1673 alind
494 1611 692 1688 responderes,
713 1611 770 1672 nisi
792 1611 860 1689 quia
882 1611 997 1674 obieeta
1017 1610 1067 1673 illa
1089 1612 1249 1674 bonitatem
1270 1611 1433 1684 includunt,
1449 1613 1490 1673 ab

315 1708 411 1786 iisque
431 1724 532 1787 speras
546 1708 644 1786 aliqua
659 1709 763 1773 saltem
777 1724 815 1771 ex
830 1717 914 1786 parte
927 1710 1018 1772 beari.
1033 1708 1084 1772 Sin
1102 1719 1200 1771 autem
1217 1709 1416 1787 interrogaris,
1432 1724 1494 1772 cur

315 1807 486 1870 beatitatem
505 1807 600 1884 ipsam
616 1807 704 1880 velis;
720 1822 891 1884 responsum
906 1807 986 1869 aliud
1001 1822 1071 1869 sane
1085 1823 1140 1868 noo
1156 1806 1252 1880 dabis,
1266 1808 1338 1869 nisi:
1353 1808 1421 1886 quia
1438 1824 1490 1869 res

315 1903 484 1982 appetibilis
506 1919 557 1982 per
577 1919 609 1966 se
629 1912 684 1976 est,
705 1913 794 1982 atque
815 1904 857 1966 sic
878 1921 896 1966 a
916 1911 1021 1966 natura
1041 1905 1278 1978 constitutores,
1299 1915 1332 1967 ut
1352 1921 1416 1967 eam
1439 1922 1494 1967 ne·

315 2003 443 2065 cessario
464 2011 595 2080 appetas.
616 2000 656 2064 lit
676 2018 708 2065 re
728 2003 848 2080 quidem
863 2019 942 2076 vera,
963 2018 1022 2081 qua
1043 2003 1154 2066 ratione
1173 2003 1299 2067 felicitas
1320 2004 1358 2064 ad
1381 2004 1490 2065 bonum

316 2098 397 2162 aliud
418 2101 583 2174 referretur,
599 2103 625 2162 sl
639 2099 722 2164 nobis
742 2101 879 2164 obiicitur
895 2109 1045 2179 tamquam
1059 2101 1099 2178 id,
1114 2101 1194 2178 quod
1213 2100 1347 2163 absolute
1361 2101 1494 2178 comple-
1577 2136 1578 2139 =

316 2199 407 2261 ctitur
417 2198 559 2276 quidquid
575 2199 717 2261 uoluntati
731 2205 879 2277 consonat,
890 2207 919 2261 et
933 2198 971 2259 ad
985 2213 1038 2261 nos
1052 2214 1088 2261 ex
1102 2199 1180 2259 omni
1196 2205 1279 2276 parte
1294 2198 1491 2282 perficiendos

316 2297 466 2358 sufficiens
480 2296 542 2358 est?
560 2292 657 2368 Quare
673 2310 740 2357 cum
754 2297 862 2368 omnia,
875 2311 951 2373 quae
971 2295 1070 2373 appeti
1092 2305 1225 2374 possunt,
1238 2296 1268 2357 in
1287 2303 1400 2358 tantum
1417 2311 1491 2372 pos·
1577 2316 1579 2323 ·

318 2393 385 2467 sint,
401 2394 429 2456 in
451 2401 593 2472 quantum
607 2392 776 2455 felicitatem
794 2393 987 2470 participaot;
1007 2396 1036 2455 in
1058 2394 1199 2456 felicitate
1213 2394 1373 2472 generatim
1389 2395 1490 2470 inspe-

258 2485 261 2492 '
315 2502 363 2556 cta
379 2495 453 2556 ratio
467 2495 610 2572 cuiusque
630 2493 819 2569 appetitionis
834 2509 934 2556 revera
949 2494 1089 2568 cernitur,
1103 2502 1133 2556 et
1154 2494 1262 2556 bonum
1277 2493 1357 2571 quod
1371 2492 1491 2569 simpli·

287 2642 297 2683 s
317 2590 390 2653 citer
405 2600 524 2669 propter
540 2607 571 2652 se
586 2591 743 2667 appetitur,
764 2599 796 2653 et
815 2606 904 2654 causa
925 2600 970 2654 est
991 2608 1044 2654 cur
1064 2597 1162 2654 cetera
1183 2592 1280 2654 omnia
1300 2597 1489 2668 appetamus.

204 2669 264 2766 ff
280 2688 289 2734 ·'
360 2685 407 2750 11.
422 2685 569 2754 Felicitas
592 2692 642 2754 eal
664 2685 787 2755 ultimus
808 2685 878 2754 linis
893 2685 1032 2755 bominis.
1049 2687 1198 2763 Felicitas,
1213 2696 1246 2750 ut
1261 2703 1354 2765 nuper
1368 2687 1496 2750 demon·
1576 2692 1577 2747 t

259 2717 449 2848 istratum
470 2796 528 2860 est,
549 2797 595 2849 est
616 2788 753 2851 ultimum
776 2791 883 2850 bonum
905 2788 1042 2851 bominis.
1058 2787 1162 2865 Atqui,
1183 2794 1216 2848 ut
1238 2788 1348 2864 pariter
1368 2786 1492 2878 demon-
1576 2773 1578 2843 ἶ

318 2890 446 2946 stratum
469 2893 523 2958 est,
545 2884 652 2947 bonurn
675 2885 855 2948 convertitur
875 2901 943 2947 cum
967 2886 1033 2947 line.
1054 2882 1134 2964 Ergo
1156 2884 1281 2947 felicitas
1301 2893 1348 2948 est
1369 2883 1497 2946 ultimus

319 2982 388 3045 finis
409 2964 551 3083 hominist
561 2980 724 3056 Praeterea,
742 2983 809 3044 linis
825 2983 948 3045 ultimos
963 2992 1008 3045 est
1022 2983 1130 3045 bonurn
1147 2982 1220 3044 illud
1234 2984 1313 3061 quod
1329 2998 1379 3059 per
1393 2997 1425 3044 se
1439 2998 1493 3059 ap·

321 3079 429 3156 petitur
444 3087 475 3139 et
489 3079 601 3142 ratione
615 3081 700 3141 cuius
715 3088 894 3158 appetuntur
907 3079 974 3142 alia.
989 3077 1021 3142 ld
1037 3095 1105 3143 vero
1120 3081 1149 3141 in
1163 3080 1332 3143 felicitatem
1344 3079 1496 3157 quadrare
1575 3150 1576 3155 ,

319 3177 468 3240 euidenter
483 3177 586 3239 elucet.
602 3175 740 3240 Felicitas
756 3178 832 3240 enim
849 3192 904 3240 non
919 3177 956 3238 ad
970 3177 1050 3239 aliud
1064 3178 1226 3250 ordinatur,
1240 3186 1271 3240 ct
1288 3177 1363 3239 ratio
1376 3185 1420 3238 est
1436 3193 1494 3239 cur

321 3281 417 3337 cetera
439 3275 537 3338 omnia
559 3284 741 3352 appetamus.
764 3275 812 3337 bu
835 3289 896 3336 rem
919 3272 948 3336 S.
963 3273 1108 3338 Thomas:
1132 3275 1276 3339 «Bonum
1298 3275 1438 3337 intentum
1462 3275 1494 3337 in
1575 3299 1577 3307 ·

322 3387 496 3450 unaquaque
517 3373 683 3448 operatione
704 3371 749 3434 v‘el
769 3373 911 3435 electione
935 3372 1045 3435 dicitur
1065 3374 1140 3436 finis.
1162 3372 1237 3447 Quia
1259 3373 1327 3434 frnis
1349 3372 1422 3434 nibil
1443 3382 1493 3434 est

321 3469 410 3548 aliud,
425 3485 515 3548 quam
529 3470 602 3532 illud
616 3470 701 3533 cuius
716 3471 810 3548 gratia
832 3470 888 3532 alia
911 3472 993 3533 fiunt.
1015 3469 1047 3534 Si
1067 3487 1137 3550 ergo
1159 3472 1259 3534 statim
1279 3479 1415 3533 occurrat
1435 3471 1497 3533 ali·

230 3562 233 3567 ’
320 3568 388 3646 quis
410 3568 487 3641 libis,
508 3568 546 3629 ad
566 3582 654 3646 quem
674 3568 844 3630 ordinentur
863 3568 960 3642 omnia
974 3583 1050 3646 quae
1063 3578 1222 3647 operantur
1241 3584 1341 3631 omnes
1362 3578 1440 3632 artes
1462 3581 1494 3632 et

322 3664 505 3742 operationes
517 3666 672 3740 humanae,
687 3665 754 3727 talis
769 3666 838 3726 finis
851 3665 908 3727 erit
922 3673 1073 3744 operatum
1090 3668 1197 3730 bouum
1213 3667 1398 3744 simpliciter,
1413 3668 1495 3730 idest

322 3762 400 3840 quod
420 3761 579 3826 intenditur
594 3778 630 3824 ex
645 3762 781 3826 omnibus
797 3764 936 3841 operibus
950 3763 1085 3825 bominis.
1098 3762 1129 3826 Si
1144 3771 1243 3826 autern
1259 3766 1295 3826 ad
1315 3766 1373 3828 boc
1388 3780 1497 3828 occur·
1574 3814 1576 3833 ,

323 3868 389 3923 rant
404 3860 486 3937 plura
502 3863 586 3934 bone,
609 3860 646 3922 ad
667 3876 742 3938 quae
756 3860 928 3923 ordinentur
947 3860 1055 3922 diversi
1076 3863 1149 3924 fines
1165 3862 1347 3927 diversorum
1369 3864 1494 3939 artium,

323 3959 468 4036 oportebit
488 3960 567 4037 quod
586 3958 737 4038 inquisitio
758 3959 883 4021 rationis
904 3966 1020 4022 nostrae
1035 3961 1221 4022 transcendat
1235 3961 1292 4022 ista
1308 3960 1402 4037 plura,
1417 3975 1495 4038 quo·

324 4070 418 4132 usque
432 4056 584 4132 perveniat
597 4058 635 4119 ad
649 4058 706 4119 boc
721 4057 828 4136 ipsum,
843 4055 921 4118 idest
939 4055 1071 4119 adalind
1087 4072 1187 4120 unum.
1202 4055 1332 4120 Necesse
1347 4066 1393 4120 est
1413 4059 1494 4121 enirn

324 4166 414 4213 unum
434 4167 497 4214 esse
517 4152 653 4215 ultimum
672 4154 759 4216 tinem
779 4153 909 4216 bominis
923 4153 953 4216 in
966 4162 1109 4233 quantum
1124 4161 1169 4216 est
1182 4155 1280 4229 bonno,
1295 4162 1414 4232 propter
1429 4158 1498 4217 uoi-

324 4260 414 4316 tatem
436 4251 581 4314 humanae
602 4260 732 4326 naturae,
754 4255 833 4316 sicut
855 4269 931 4315 onus
951 4262 997 4316 est
1011 4254 1077 4314 fluis
1099 4251 1206 4315 medici
1227 4252 1257 4314 in
1279 4262 1423 4330 quantum
1444 4262 1497 4316 est
1573 4302 1575 4341 :
