3159 4934
311 330 362 387 tii
602 344 644 385 ros
664 344 788 387 urrunnu
807 361 817 370 -
835 343 903 384 rans
921 341 937 383 r.
956 343 1000 384 rus
1017 341 1189 385 ruorvrnuatu

310 462 417 533 potest,
430 456 501 533 quin
522 463 588 518 autc
609 454 812 534 intelligantur
831 455 938 530 officia,
952 472 1029 534 quac
1049 456 1215 519 subiectum
1234 456 1432 535 adstringunt,
1449 468 1481 521 et

239 548 241 553 ’
307 552 416 637 quibus
437 552 516 615 nulla
538 552 652 615 ratione
673 562 784 616 noceat

349 646 395 711 17.
417 644 591 716 officiorum
611 645 723 734 triplex
745 666 857 733 genus.
874 650 949 714 Cum
970 650 1043 714 ordo
1064 651 1095 712 iu
1117 666 1214 713 rerum
1230 650 1424 715 relationibus
1444 652 1486 714 sit

308 744 432 823 positus,
451 761 488 808 cx
507 746 556 809 bis
577 748 741 810 officiorum
763 749 892 811 varietas
911 757 942 811 et
961 751 1144 827 praestantia
1165 748 1357 812 diiudicatur.
1373 745 1483 827 Quare,

309 857 361 920 pro
374 843 546 907 diversitate
561 845 688 918 termini,
701 862 790 924 quem
806 846 895 909 bomo
910 846 975 909 suis
988 846 1212 924 operationibus
1228 854 1355 925 spectat,
1366 846 1488 911 diversa

306 947 425 1003 exstant
445 942 559 1015 officim
572 958 607 1005 ex
628 942 722 1021 iisque
742 944 791 1006 illa
815 945 1029 1023 praestantiora
1049 943 1119 1007 duci
1139 944 1256 1017 debent,
1271 960 1350 1023 quae
1368 942 1485 1006 altiori·

308 1038 365 1101 bus
379 1039 552 1117 respondent
566 1040 765 1103 relationibus.
777 1040 909 1105 lamvcro
923 1042 1038 1104 nonnisi
1052 1042 1199 1120 triplicem
1215 1041 1375 1104 terminum
1390 1040 1482 1105 homo

310 1144 444 1215 spectare
466 1144 572 1214 potest,
585 1137 656 1199 dum
675 1146 828 1216 operatur:
843 1138 983 1201 nimirum
1003 1135 1119 1214 Deum,
1132 1138 1279 1217 seipsum,
1298 1141 1413 1201 ceteros
1433 1135 1489 1201 bo-

309 1233 417 1296 minos.
438 1233 478 1297 lit
497 1251 566 1297 sane
587 1236 613 1297 si
634 1236 773 1314 periectio
797 1230 1000 1314 operationum
1030 1236 1186 1302 moralium
1213 1238 1242 1299 iu
1264 1238 1322 1302 hoo
1342 1237 1488 1312 cernitur,

259 1406 262 1411 .
310 1332 388 1410 quod
403 1333 533 1412 ordinem
551 1342 672 1396 naturae
687 1344 863 1412 sequautur;
876 1335 957 1397 entia
976 1334 1027 1397 illa
1048 1334 1204 1397 dumtaxat
1226 1334 1352 1397 actionis
1367 1335 1489 1397 termini

310 1445 377 1493 csse
391 1438 522 1509 possunt,
537 1448 612 1509 quac
626 1432 695 1493 linis
710 1432 850 1495 rationem
873 1433 984 1495 babent
1002 1440 1034 1495 et
1048 1446 1100 1510 per
1116 1447 1148 1494 se
1162 1438 1343 1508 spectantur.
1358 1430 1402 1494 At
1415 1445 1488 1494 uero

311 1527 341 1591 id
361 1531 390 1591 in
412 1528 515 1606 primis
536 1528 597 1593 Deo
618 1530 773 1608 eompetit;
786 1530 839 1608 qui
860 1539 894 1592 ut
915 1530 1045 1607 primum
1068 1529 1257 1608 principium,
1271 1528 1316 1591 sic
1336 1529 1427 1591 etiam
1441 1537 1490 1591 est

311 1624 434 1689 ultimus
449 1626 516 1689 linis
530 1643 628 1690 rerum
650 1628 789 1690 omniunt.
806 1625 949 1691 Creatura
972 1627 1065 1706 igitur
1086 1626 1249 1700 rationalis,
1263 1626 1288 1687 si
1303 1624 1490 1704 operationes

312 1740 391 1798 suas.
400 1723 494 1787 ordini
511 1725 736 1788 accommodare
751 1724 836 1799 velit;
849 1723 943 1788 Deum
960 1740 1014 1802 pro
1030 1726 1156 1787 termino
1166 1723 1277 1786 habere
1290 1723 1386 1797 debet,
1397 1729 1488 1802 atque

311 1822 377 1885 ideo
389 1823 486 1901 quoad
500 1822 582 1885 illum
597 1823 722 1885 dirersis
739 1831 861 1902 urgetur
876 1822 990 1902 officiis,
1002 1838 1079 1902 quae
1092 1823 1122 1885 iu
1136 1821 1270 1901 sequenti
1284 1822 1380 1898 capite
1391 1819 1490 1884 decla·

313 1920 454 1983 rabimus.
470 1917 580 1983 Deinde
594 1921 668 1983 alter
683 1921 895 1999 adspectabilis
909 1920 1013 1983 mundi
1030 1920 1099 1982 duis
1112 1920 1143 1980 in
1161 1920 1226 1996 ipso
1240 1918 1358 1982 bomine
1372 1918 1490 1995 positus

313 2024 372 2091 est;
388 2017 427 2079 ad
446 2017 514 2080 eius¹
530 2020 605 2081 euim
628 2018 785 2081 utilitatem
806 2035 865 2092 res,
885 2033 961 2097 quae
981 2018 1124 2080 muudum
1146 2024 1298 2089 exornant,
1312 2016 1449 2080 conditae
1472 2034 1490 2079 a

313 2110 375 2179 Deo
394 2123 472 2178 suut.
487 2113 582 2178 Homo
603 2116 705 2195 igitur,
718 2117 801 2179 iuxta
822 2116 952 2179 ordinem
975 2132 994 2177 a
1014 2131 1130 2178 summo
1145 2111 1258 2193 Opilioe
1279 2115 1488 2189 constitutum,

314 2215 454 2277 scotiam
476 2214 620 2294 respicere
640 2215 724 2278 debet
747 2224 898 2294 tamquam
928 2213 1084 2277 terminum
1112 2227 1234 2276 suarum
1261 2212 1487 2291 operationum

313 2330 347 2377 ac
359 2315 479 2394 proinde
492 2314 597 2377 officiis
612 2315 808 2393 adstringitur
826 2329 896 2392 erga
910 2314 1051 2392 seipsum.
1064 2310 1205 2391 Denique,
1222 2327 1290 2375 cum
1304 2312 1382 2373 ratio
1396 2310 1488 2374 allata

314 2428 366 2491 pro
387 2413 454 2475 aliis
476 2412 564 2477 etiam
586 2412 756 2476 bominibus
777 2410 874 2475 locum
896 2411 1017 2485 babeat,
1036 2410 1216 2489 quibuscum
1237 2416 1360 2472 naturae
1380 2409 1490 2472 simili·

313 2510 413 2574 tudine
434 2512 641 2585 convenimus;
665 2510 737 2573 ordo
757 2506 841 2572 iubet
858 2516 893 2571 ut
920 2508 951 2571 iu
979 2508 1017 2570 iis
1042 2522 1160 2586 quoquc
1183 2506 1317 2569 eamdem
1343 2521 1488 2585 personae

312 2608 486 2687 dignitatem
515 2624 708 2672 revereamur.
733 2605 811 2670 Hinc
838 2622 932 2669 novus
960 2606 1095 2683 exsurgit
1116 2604 1259 2667 terminus
1282 2604 1488 2682 operationum

313 2714 490 2782 nostrarum,
505 2721 540 2768 ac
556 2705 676 2782 proinde
695 2706 815 2768 tertium
834 2704 998 2767 officiorum
1021 2718 1123 2782 genus.
1139 2700 1291 2781 Completa
1312 2702 1406 2782 igitur
1420 2719 1493 2783 par·
1567 2657 1569 2794 l

313 2802 420 2876 titiqa
442 2802 559 2865 termini
582 2802 750 2865 diversitate
771 2802 937 2879 desumpta,
955 2801 1063 2879 triplex
1080 2800 1245 2863 officiorum
1267 2816 1361 2880 genus
1380 2817 1494 2880 suppe-

313 2899 399 2973 ditat,
413 2901 522 2978 quibus
536 2908 590 2963 aut
603 2916 673 2980 erga
694 2899 802 2974 Deum,
815 2907 868 2962 aut
880 2916 950 2978 erga
966 2914 1028 2973 uos,
1043 2905 1094 2962 aut
1109 2914 1179 2976 erga
1201 2897 1277 2961 alios
1291 2898 1490 2962 devincimur.

357 2993 401 3059 18.
425 2996 500 3063 llum
522 2994 550 3063 in
573 2995 693 3064 bomine
714 2995 826 3063 dentur
841 2993 944 3063 cilicia
966 3011 1043 3080 orqa
1061 2993 1161 3074 bruta,
1178 2999 1232 3060 aui
1253 2990 1347 3062 eliam
1363 2992 1492 3081 relique

316 3090 407 3160 colia.
421 3092 540 3157 Abrcus
555 3112 608 3158 uos
624 3096 780 3175 adstringit
794 3095 902 3158 officiis
916 3110 985 3172 erga
1005 3095 1102 3167 bruta,
1117 3094 1226 3172 quibus
1240 3093 1305 3155 iura
1319 3093 1425 3157 tribuit
1437 3093 1491 3177 (l).

315 3191 456 3256 Demiron
471 3208 540 3257 vcro
561 3196 725 3258 universam
754 3200 889 3255 naturam
905 3190 965 3255 'liei
988 3191 1080 3253 tiliam
1099 3204 1289 3269 sororemque
1309 3191 1441 3255 bominis
1460 3203 1494 3257 et

202 3294 207 3307 ’
315 3290 425 3354 sociam
447 3290 606 3369 appellans,
628 3301 730 3353 mutua
756 3293 822 3353 iura
843 3300 873 3353 et
893 3290 990 3352 officia
1011 3290 1087 3353 inter
1109 3305 1164 3352 nos
1183 3305 1219 3353 ac
1240 3304 1290 3352 res
1316 3306 1418 3353 omnes
1440 3309 1493 3356 ra-

314 3389 392 3453 tione
408 3389 565 3453 destitutas
580 3389 760 3452 intercedere
774 3396 910 3450 autumat
922 3384 974 3467 (ἢ).

354 3488 396 3551 At
416 3490 551 3567 quamvis
571 3488 716 3550 laudanda
733 3486 758 3548 si
779 3486 887 3548 eximia
908 3487 997 3548 buius
1018 3487 1073 3550 viri
1096 3486 1303 3565 benevolentia,
1317 3486 1367 3566 qui
1386 3502 1492 3552 amore

313 3602 383 3665 erga
397 3594 509 3649 eeteros
523 3586 656 3647 homines
670 3599 728 3646 non
742 3590 906 3657 contentus,
921 3599 991 3647 oves
1003 3584 1092 3646 etiam
1108 3592 1197 3663 atquc
1211 3584 1334 3647 arbores
1349 3600 1491 3648 sororum

313 3684 377 3748 loco
399 3684 502 3761 recipit
530 3698 565 3745 ac
590 3683 716 3744 fraterna
742 3681 865 3743 caritate
889 3681 1114 3758 complectitur3
1136 3689 1245 3755 mareu,
1265 3681 1304 3743 ad
1331 3685 1492 3746 veritatem

314 3781 392 3857 quod
414 3780 528 3853 attinet,
550 3781 612 3841 eius
633 3779 730 3857 opinio
751 3794 858 3858 magno
887 3779 916 3841 in
944 3796 1042 3843 errore
1070 3788 1214 3843 versatur.
1235 3779 1354 3845 Etenim
1383 3797 1502 3846 nomen·

314 3874 377 3953 gilii
389 3878 419 3938 iu
434 3877 552 3956 propria
572 3876 785 3956 significatione
807 3893 862 3940 nou
884 3876 1005 3941 cuilibet
1026 3879 1142 3942 effectui
1164 3880 1316 3957 competit,
1329 3880 1381 3945 sed
1401 3882 1494 3944 dum·
1563 3901 1564 3920 ¹

314 3982 396 4036 texat
418 3976 529 4038 viventi
549 3976 627 4055 quod
642 3989 679 4037 ex
701 3976 820 4037 virente
841 3974 980 4052 procedat
999 3975 1030 4038 iu
1050 3975 1182 4040 eiusdem
1202 3984 1327 4040 naturae
1348 3977 1495 4043 similitu·

306 4210 307 4217 κ
361 4186 394 4248 (1)
415 4186 498 4235 Coocro
514 4188 545 4235 de
560 4190 633 4238 droit
647 4198 702 4239 nat.
719 4190 735 4239 2
750 4190 839 4254 partie,
855 4202 922 4253 spec.
939 4189 962 4246 1,
978 4188 1050 4239 divio.
1066 4190 1107 4238 clr.
1123 4188 1148 4239 2.

362 4265 397 4329 (2)
414 4267 453 4315 De
471 4267 498 4315 la
514 4270 624 4321 morule,
640 4276 657 4319 t.
674 4269 692 4328 1,
710 4270 748 4319 ch.
764 4268 788 4317 2.
