3159 4934
278 300 330 356 118
562 315 605 357 nus
622 312 749 355 urrunnu
766 330 776 341 -
796 312 864 354 nans
882 314 899 353 t.
918 313 961 355 rus
979 311 1153 355 rnntvmuann

278 425 382 489 bitum.
411 424 591 505 Quandoque
619 426 709 489 etiam
740 428 914 489 transfertur
941 425 980 488 ad
1012 425 1236 505 significandam
1269 425 1451 489 sententiam

276 524 395 599 iudicis,
409 525 470 587 sive
484 524 562 587 iusta
577 524 618 586 sit
632 524 697 587 sive
711 525 799 587 etiam
814 524 933 599 iniusta,
946 531 976 586 ct
993 524 1037 588 sie
1051 522 1145 587 iudea
1164 524 1333 589 nominatur
1346 540 1365 586 a
1378 521 1452 587 iore

277 620 412 686 dicendo.
435 621 527 686 lmrno
547 622 638 685 ctiam
657 638 692 685 ea
718 638 774 686 nox
800 622 958 701 aliquando
978 623 1136 686 adhibetur
1156 623 1195 685 ad
1215 623 1446 701 significandum

276 721 385 795 locum,
396 720 445 783 ubi
457 721 505 782 ius
519 720 639 793 dicitur,
653 720 791 782 nimirum
805 720 948 796 tribunal,
964 729 996 783 ut
1011 730 1096 785 sonat
1110 721 1244 799 loquutio
1257 721 1323 783 illa:
1337 718 1383 782 In
1397 718 1453 784 tus

277 818 412 897 aliquem
426 836 544 882 vocare.
558 816 688 882 Tandem
705 818 815 881 utimur
830 834 899 882 voce
912 820 987 882 iuris
1000 819 1039 882 ud
1056 820 1232 884 innuendam
1246 818 1449 883 annectionem

277 917 377 996 legum
391 915 567 994 aliquarum,
581 924 611 979 et
625 916 668 980 sic
682 916 826 979 dicimus:
839 914 901 979 los
911 916 1011 991 'cicala
1025 915 1085 980 Ius
1099 917 1282 981 canonicum
1295 924 1325 980 et
1338 924 1449 979 cetera.

321 1012 368 1077 10.
391 1009 515 1080 Partitio
536 1009 618 1092 iuris,
634 1018 666 1080 et
680 1010 809 1099 primum
828 1011 856 1080 io
872 1012 961 1081 reale
976 1019 1008 1082 et
1028 1012 1206 1099 personale.
1222 1015 1271 1077 Ad
1291 1014 1366 1078 iuris
1381 1030 1454 1093 par·
1472 1036 1476 1043 ·

280 1114 413 1177 titionem
441 1112 519 1189 quod
547 1113 661 1187 attinet,
681 1113 746 1175 iura
767 1113 797 1175 in
820 1113 924 1191 primis
943 1112 1073 1191 dispesci
1094 1121 1217 1192 possunt
1242 1114 1272 1176 in
1291 1109 1395 1176 acolio
1419 1120 1451 1175 et

277 1206 467 1291 personalia.
483 1207 653 1273 Personalia
674 1212 738 1273 iura
759 1210 909 1286 dicuntur,
923 1226 997 1290 quae
1013 1227 1064 1289 per
1084 1227 1117 1273 se
1132 1226 1286 1289 personam
1306 1210 1453 1283 alliciunt,

280 1307 433 1387 eidemque
445 1307 597 1371 inhaerent
610 1307 796 1382 immediate;
808 1316 841 1371 ut
851 1324 896 1371 ex.
909 1324 952 1387 gr.
964 1308 1012 1371 ius
1026 1308 1219 1372 conservandi
1232 1308 1333 1371 vitam
1345 1306 1455 1372 Rcalia

282 1421 450 1484 vernoune
470 1404 500 1469 in
521 1420 675 1484 personam
691 1406 850 1469 adveniunt
865 1407 975 1469 virtute
988 1407 1030 1469 rei
1045 1407 1222 1485 cuiuspiam,
1236 1415 1326 1485 atque
1340 1406 1408 1469 ideo
1421 1406 1452 1468 in

281 1518 314 1567 re
329 1502 377 1565 illa
399 1502 550 1566 inhaerere
570 1502 782 1581 concipiuntur.
804 1500 888 1578 Quod
910 1519 966 1567 non
987 1504 1030 1567 ita
1050 1504 1270 1583 intelligendum
1291 1511 1348 1578 est,
1363 1503 1454 1583 quasi

281 1616 330 1664 res
345 1602 410 1679 ipsa
424 1602 588 1665 subiectum
604 1600 643 1663 sit
657 1601 731 1663 iuris
746 1600 787 1681 (id
801 1601 878 1663 enim
893 1616 929 1665 ex
944 1601 1031 1664 dictis
1045 1602 1218 1681 repugnat);
1231 1601 1284 1664 scd
1303 1609 1454 1679 quatenus

281 1714 406 1778 persona
427 1698 491 1762 iure
511 1708 630 1761 ornetur
650 1714 706 1763 non
727 1714 779 1777 per
800 1714 843 1778 se,
865 1698 918 1761 sed
940 1698 968 1762 vi
990 1700 1181 1776 possessionis
1203 1700 1244 1762 rei
1267 1698 1458 1778 praedictae;

282 1813 340 1877 qua
355 1798 380 1859 si
394 1796 548 1875 spolietur,
561 1796 608 1859 ius
622 1797 744 1871 amittit3
765 1797 845 1874 quod
866 1797 1003 1860 continuo
1023 1796 1053 1857 in
1072 1811 1139 1859 eam
1161 1812 1316 1874 personam
1333 1798 1453 1869 transit,

282 1910 358 1974 quae
374 1908 435 1958 rem
449 1894 530 1957 illam
545 1894 727 1972 adipiscitur.
743 1892 793 1957 Sic
807 1893 859 1972 qui
879 1893 1002 1956 fundum
1023 1894 1105 1967 emit,
1126 1895 1164 1958 ad
1183 1910 1272 1973 quem
1293 1908 1351 1957 non
1366 1894 1459 1957 aliter

283 1993 353 2067 itur,
374 1992 431 2055 nisi
453 2007 503 2069 per
524 1991 647 2054 lundam
661 1991 792 2070 alterius,
808 1992 897 2055 huius
912 1992 1056 2055 transitus
1081 1993 1128 2054 ius
1148 1993 1286 2071 acquirit,
1301 1992 1391 2071 idque
1404 1992 1456 2055 ius

284 2090 361 2154 reale
382 2097 578 2168 nuncupatur.

324 2188 392 2252 Alio
418 2188 508 2250 ctiam
533 2202 621 2251 sensu
649 2188 796 2265 accipitur
821 2188 869 2250 ius
896 2188 976 2251 reale
1001 2197 1031 2252 et
1052 2188 1099 2251 ius
1123 2189 1281 2267 personale,
1301 2198 1453 2268 quatenns

283 2286 452 2365 exprimunt
473 2285 514 2358 id,
527 2285 606 2363 quod
627 2292 740 2349 veteres
761 2284 963 2349 Iurisconsulti
983 2286 1172 2364 appellabant
1184 2286 1235 2350 tas
1249 2286 1283 2349 in
1297 2305 1333 2349 re
1351 2294 1384 2349 ct
1403 2286 1459 2349 ius

284 2384 328 2449 od
346 2402 421 2447 rem.
437 2381 568 2447 Primum
586 2391 633 2445 est
646 2382 702 2461 ins,
723 2382 801 2461 quod
822 2402 887 2445 rem
908 2383 1030 2462 respicit
1043 2381 1191 2460 obsolute,
1206 2399 1241 2446 ac
1258 2382 1381 2462 proinde
1396 2384 1463 2447 vim

286 2485 377 2548 hahet
397 2492 532 2563 respectu
557 2482 696 2555 omnium,
718 2489 751 2543 ut
778 2482 808 2543 in
837 2480 974 2545 dominio.
996 2481 1133 2545 Alterum
1154 2488 1201 2544 est
1221 2483 1270 2543 ius
1290 2481 1371 2560 quod
1391 2498 1464 2544 renov

285 2582 409 2659 respicit
428 2581 566 2658 relative,
581 2582 719 2644 nimirum
741 2587 878 2657 respectu
895 2580 1105 2643 determinatae
1119 2595 1267 2659 personae,
1282 2594 1360 2658 quae
1374 2578 1462 2641 illam

285 2683 382 2744 lacere
402 2687 454 2743 aut
474 2680 544 2743 dare
566 2688 706 2757 teneatur,
729 2685 761 2740 ut
780 2677 811 2740 in
833 2686 944 2741 mutuo.

329 2777 374 2841 ll.
391 2775 421 2844 ln
437 2776 572 2845 innatum
588 2782 620 2844 ol
633 2772 830 2861 acquisitum.
842 2775 954 2840 Deinde
967 2776 1033 2838 iura
1054 2776 1225 2839 dividuntur
1246 2775 1277 2837 in
1298 2775 1414 2841 taneta
1428 2784 1462 2840 et

276 2874 452 2956 ‘acquisita
473 2883 559 2954 prout
579 2876 748 2939 eorumdem
770 2877 846 2938 ratio
867 2891 920 2939 seu
941 2874 1045 2936 titulus
1064 2889 1101 2938 ex
1122 2874 1185 2952 ipsa
1206 2874 1335 2937 hominis
1349 2882 1460 2937 natura

230 2964 234 2974 '
290 2974 490 3054 pullulatum
510 2990 546 3037 ex
568 2975 645 3037 lacto
666 2973 795 3051 quodam
815 2973 984 3037 adventitio.
999 2970 1096 3036 Homo
1110 2972 1188 3035 enim
1208 2973 1265 3036 hoe
1286 2972 1360 3050 ipso,
1377 2972 1463 3051 qood

291 3073 430 3136 adfinem
445 3071 606 3146 ordinatur,
622 3071 791 3133 facultatem
807 3070 898 3133 habet
913 3070 1098 3148 procurandi,
1112 3071 1174 3134 sine
1194 3069 1461 3146 aliorumollensa,

289 3188 323 3235 ea
345 3186 419 3249 quae
439 3169 477 3231 ad
499 3171 586 3231 finem
607 3168 691 3231 illum
713 3168 826 3231 ducunt
846 3174 898 3230 aut
918 3168 1080 3231 conterunt.
1103 3166 1171 3231 lura
1190 3167 1336 3231 eiusmodi
1357 3167 1464 3230 innata

291 3271 335 3335 vel
362 3270 452 3333 etiam
480 3269 630 3346 primitiva
656 3268 806 3331 dicuntur.
834 3265 900 3331 Non
927 3267 1005 3329 enim
1034 3266 1202 3339 adveniunt,
1229 3267 1280 3329 sed
1302 3266 1470 3343 cumipse

289 3368 407 3433 homine
428 3373 502 3440 orta,
522 3367 550 3429 ei
571 3365 795 3429 immutabiliter
815 3366 978 3428 inhaerent..
994 3364 1091 3437 Quare
1112 3365 1249 3442 deinceps
1269 3363 1389 3428 alienari
1405 3372 1466 3427 aut

290 3466 387 3529 amitti
410 3464 493 3543 plane
514 3480 570 3526 non
592 3470 725 3540 possunt,
746 3462 996 3541 quemadmodum
1019 3463 1115 3523 amitti
1130 3463 1231 3540 nequit
1252 3472 1367 3536 natura,
1382 3462 1470 3526 unde

290 3565 450 3627 dimanant.
465 3559 537 3627 Tale
550 3570 596 3624 est
607 3578 652 3623 ex.
668 3578 711 3639 gr.
727 3560 774 3622 ius
790 3560 958 3638 perficiendi
974 3562 1117 3635 animum,
1129 3561 1227 3624 tuendi
1242 3561 1346 3634 vitam,
1359 3560 1472 3639 acqui·

292 3662 374 3725 rendi
388 3659 560 3733 dominium,
574 3676 606 3721 se
626 3658 815 3722 consociandi
836 3674 904 3721 cum
925 3657 992 3721 aliis
1013 3660 1051 3719 ad
1073 3660 1160 3722 linem
1181 3658 1339 3722 honestum
1361 3673 1470 3722 conse·

291 3763 449 3839 quendum,
463 3769 552 3839 atque
566 3758 623 3822 alia
638 3760 753 3838 generis
765 3759 907 3823 eiusdem.
922 3755 1006 3830 Quod
1027 3760 1147 3837 quidem
1167 3758 1391 3836 intelligendum
1406 3765 1471 3833 est,

293 3859 322 3921 in
343 3866 484 3937 quantum
506 3873 540 3922 ea
561 3858 625 3919 iura
647 3872 698 3935 per
718 3873 749 3919 se
763 3865 793 3920 et
808 3858 905 3937 quoad
920 3858 1074 3919 essentiam
1095 3856 1323 3919 considerentur.
1340 3854 1419 3919 Nam
1435 3857 1465 3919 si

292 3955 514 4019 considerantur
533 3954 631 4034 quoad
654 3970 750 4028 usum,
771 3954 923 4017 distinctio
943 3954 1109 4017 adhibenda
1139 3961 1191 4017 est.
1218 3952 1355 4032 Ipsorum
1384 3953 1468 4017 enim

293 4051 432 4115 nonnulla
445 4068 481 4115 ex
495 4053 592 4116 officio
613 4060 781 4127 nascuntur,
796 4053 833 4114 ad
852 4051 930 4131 qnod
953 4051 1131 4128 implendum
1153 4059 1223 4114 sunt
1236 4051 1329 4116 veluti
1350 4052 1477 4115 instru-

293 4156 401 4215 menta.
423 4147 454 4212 st
474 4149 530 4213 hoe
552 4152 702 4229 contingit,
724 4168 798 4215 usus
825 4167 927 4215 eorum
952 4150 1134 4235 necessarius
1153 4158 1218 4224 est;
1238 4166 1292 4213 nee
1314 4153 1404 4214 homo
1424 4152 1472 4214 ad

292 4247 376 4311 illum
391 4246 583 4311 omittendum
598 4263 630 4310 se
643 4248 773 4327 obligare
788 4255 894 4327 potest.
905 4246 956 4313 Sin
972 4248 1043 4311 talia
1057 4250 1127 4323 sint,
1141 4255 1175 4312 ut
1189 4265 1257 4313 curu
1271 4249 1352 4313 nullo
1365 4249 1476 4315 officio
