3159 4934
267 244 303 314 ὃὸ
784 267 925 310 ετειεε

269 384 341 458 vult,
361 385 430 448 lieet
451 401 518 446 oum
541 399 594 446 suo
616 383 730 446 damno.
753 383 815 461 Ipsi
835 383 926 462 igitur
945 390 992 445 est
1008 383 1180 446 voluntaria.
1195 382 1346 455 Attamen,
1361 382 1435 458 quia

268 483 322 544 nisi
345 487 458 545 tautum
481 482 643 560 perieulum
664 483 798 557 instaret,
813 498 925 545 merces
947 497 1066 545 servare
1081 482 1182 559 voltam
1198 497 1301 544 earum
1316 482 1434 544 iactura

268 580 464 642 involuntaria
484 595 521 642 eu
543 581 598 642 hae
625 587 707 658 parte
729 579 846 643 dicitur.
867 579 915 642 Au
944 596 1005 643 rem
1027 578 1056 643 S.
1079 578 1221 644 Thomas:
1249 601 1266 636 ‹
1280 577 1362 652 Quae
1383 594 1438 656 per

269 687 378 741 metum
399 687 537 757 aguntur,
560 679 652 741 mixta
675 687 744 741 suut
764 695 800 742 err
821 679 985 742 voluntario
1013 687 1043 741 et
1069 679 1275 742 involuntario.
1297 676 1330 741 ld
1358 677 1439 741 enim

196 825 199 828 .
268 777 344 855 quod
368 792 418 854 per
441 785 551 840 metum
566 777 674 856 agitur,
689 777 718 839 in
733 793 765 840 se
786 778 1003 841 consideratum
1018 793 1074 840 non
1094 785 1140 840 est
1159 776 1368 851 uoluntarium,
1384 775 1439 838 sed

269 877 302 955 tit
323 875 522 938 voluntarium
542 876 573 937 iu
593 887 675 948 casu,
695 877 808 939 seilicet
828 876 867 938 ad
888 875 1039 938 vitandum
1065 875 1175 936 malum
1203 874 1283 952 quod
1305 875 1440 936 timetur.

269 974 337 1048 Sed,
358 975 384 1036 si
405 975 474 1052 quis
488 983 567 1037 reete
581 974 754 1048 consideret,
770 976 864 1053 magis
878 982 946 1036 sunt
960 974 1132 1036 huiusmodi
1153 973 1330 1047 voluntaria,
1345 989 1439 1051 quarn

269 1071 478 1144 involuntaria;
510 1081 578 1134 suut
605 1073 682 1134 euim
713 1071 876 1136 uoluntaria
903 1071 1085 1148 simpliciter,
1113 1071 1306 1134 involuntaria
1336 1080 1441 1133 autem

270 1171 432 1235 seeundum
453 1171 533 1248 quid.
557 1167 789 1249 Unumquodque
809 1171 887 1231 enim
909 1169 1081 1247 simpliciter
1102 1185 1166 1232 esse
1192 1170 1310 1247 dieitur,
1333 1184 1445 1231 seeun-

270 1269 340 1332 dum
361 1270 439 1348 quod
460 1277 507 1332 est
527 1267 557 1330 in
578 1278 659 1343 uotu;
681 1268 841 1332 seeundum
863 1267 1056 1344 auremquod
1076 1275 1122 1329 est
1138 1267 1167 1328 in
1190 1266 1252 1330 sola
1274 1267 1446 1343 apprehen·

272 1369 438 1445 sione-non
459 1367 505 1431 e'st
525 1361 698 1444 simpliciter
719 1367 772 1428 sed
794 1367 955 1428 seeundum
977 1365 1056 1442 quid.
1079 1363 1144 1428 Hoo
1163 1372 1263 1426 autem
1285 1364 1365 1442 quod
1387 1380 1444 1442 per

272 1475 384 1529 metum
406 1467 513 1544 agitur,
536 1465 697 1528 seeundum
719 1465 775 1527 hoo
796 1473 843 1526 est
862 1463 892 1524 io
915 1471 993 1537 aotu,
1013 1462 1174 1526 seeundum
1196 1463 1275 1540 quod
1296 1464 1339 1524 or.
1362 1459 1442 1524 Cum

271 1567 348 1628 enim
369 1572 455 1627 aetus
475 1565 504 1626 in
526 1563 725 1642 singularibus
747 1563 815 1636 sint,
831 1561 978 1640 singulare
997 1562 1151 1634 antemio
1173 1568 1316 1638 quantum
1337 1561 1445 1622 huius-

272 1661 360 1738 modi,
382 1661 421 1724 sit
442 1662 491 1724 hio
512 1670 542 1724 et
563 1677 652 1734 nunu;
674 1661 833 1724 seeundum
855 1661 912 1722 hoe
932 1660 971 1736 id,
994 1660 1071 1737 quod
1101 1661 1212 1732 iitsest
1236 1661 1265 1720 in
1291 1666 1371 1730 actu,
1393 1673 1445 1720 se·

272 1760 400 1822 eundum
421 1761 498 1838 quod
520 1768 564 1822 ost
585 1761 634 1822 uio
655 1768 684 1823 et
705 1775 793 1832 nuno,
812 1767 842 1820 et
862 1772 919 1820 non
940 1759 996 1820 sub
1016 1757 1083 1819 aliis
1096 1757 1312 1820 conditionibus
1334 1755 1445 1817 indivi-

273 1859 410 1920 dualibus
426 1856 476 1937 (d).
492 1880 510 1912 »

652 1987 826 2053 Solvuntur
845 1987 1056 2070 difficultates.
1151 1993 1155 2002 '

313 2155 360 2222 49.
382 2153 475 2220 Otito.
493 2155 514 2220 l.
534 2153 657 2219 Videtur
672 2154 826 2216 dicendum
849 2169 916 2216 oum
939 2151 1144 2224 Pudendordo
1159 2167 1252 2228 aeque
1271 2165 1339 2213 esse
1361 2150 1448 2212 invo-

273 2255 429 2318 luntariam
445 2253 588 2316 actionem
603 2269 640 2316 ex
654 2259 745 2326 metu,
760 2259 849 2330 atquo
862 2267 899 2313 ex
914 2250 1050 2314 violentia
1067 2257 1229 2327 peraetam3
1244 2249 1286 2310 ita
1302 2255 1335 2310 ut
1353 2249 1447 2309 etiam

274 2353 413 2432 facinora,
427 2367 463 2415 en
477 2351 595 2414 incusso
610 2359 690 2412 metu
706 2357 832 2426 patrata,
846 2349 932 2426 eulpa
948 2357 1052 2412 vacent
1065 2357 1094 2410 et
1110 2345 1453 2410 commiseratiouesint

274 2452 362 2530 digua
378 2449 428 2530 (t).
446 2504 448 2510 .

315 2547 404 2630 Nepo
420 2565 538 2628 prorsus
550 2554 706 2610 assertum.
719 2544 866 2608 Violentia
881 2561 915 2608 ea
931 2544 1020 2607 motio
1034 2543 1152 2616 dieitur,
1164 2543 1248 2619 ouius
1265 2542 1447 2630 principium

276 2656 433 2720 ostentm,
454 2646 758 2740 renQrfflmuto.
782 2641 862 2722 Ergo
881 2659 957 2721 opus
977 2659 1014 2705 ex
1037 2658 1117 2704 mera
1136 2641 1274 2704 uiolentia
1295 2642 1449 2711 effectum,

189 2755 190 2760 ’
277 2744 356 2806 nullo
376 2745 463 2806 modo
483 2745 603 2806 attribui
628 2751 723 2820 potest
743 2743 780 2815 ei,
795 2743 847 2821 qui
868 2741 1033 2805 uiolentiam
1057 2741 1183 2817 patitur3
1197 2740 1225 2801 is
1238 2739 1317 2802 enim
1332 2739 1451 2816 patitur

278 2841 398 2912 invitus,
419 2852 446 2904 et
467 2851 610 2920 quantum
631 2842 660 2902 in
681 2841 746 2917 ipso
765 2849 818 2914 est,
835 2841 957 2904 resistit.
973 2837 1081 2902 Contra
1096 2838 1147 2914 qui
1168 2853 1205 2900 ex
1226 2845 1306 2900 metu
1329 2837 1401 2916 agit,
1414 2852 1450 2898 se

280 2939 396 3028 propria
418 2939 566 3003 voluntate
587 2940 625 3001 ad
646 2939 818 3000 alterutram
841 2945 954 3014 partem
978 2937 1143 3014 propositae
1163 2937 1290 3014 optionis
1310 2935 1450 3004 iutleetit,

279 3045 367 3115 atque
387 3037 497 3100 ideireo
518 3044 617 3100 aetum
637 3036 837 3100 voluntarium
858 3051 958 3097 reuera
980 3034 1069 3096 elicit.

319 3133 524 3198 Confundenda
540 3150 608 3197 vero
629 3150 684 3196 non
699 3142 777 3207 sunt,
791 3134 896 3210 outpae
911 3132 1044 3194 vacuitas
1065 3140 1095 3194 et
1116 3131 1345 3194 commiseratio.
1361 3128 1448 3193 Hanc

280 3233 380 3312 utique
401 3241 530 3295 meretur
550 3233 586 3308 is,
602 3233 653 3310 qui
674 3232 704 3292 iu
724 3231 869 3293 eiusmodi
890 3231 1044 3292 coniicitur
1058 3230 1221 3308 angustias,
1236 3237 1269 3290 ut
1284 3229 1330 3290 vel
1347 3229 1450 3305 ingen-

280 3339 338 3392 tem
359 3330 488 3409 aliquam
510 3328 712 3393 calamitatem
727 3328 931 3406 exquisitaque
947 3337 1089 3390 tormenta
1111 3328 1225 3399 subeat,
1239 3334 1292 3388 aut
1306 3343 1325 3388 a
1338 3327 1451 3388 virtute

281 3429 405 3492 recedat.
428 3426 552 3500 Verum,
577 3426 602 3488 si
627 3433 697 3488 tune
713 3427 815 3488 animo
840 3425 984 3502 frangitur
1008 3425 1142 3500 ceditque
1169 3424 1282 3498 timori3
1307 3424 1373 3486 eius
1399 3424 1452 3485 de-

279 3529 367 3591 iectio
380 3526 524 3612 ¹eueusari
538 3541 594 3587 nou
610 3529 715 3600 potest,
729 3523 815 3600 quasi
834 3537 890 3584 nou
905 3522 1068 3584 uoluntaria
1088 3521 1183 3599 fuerit,
1206 3521 1257 3583 sed
1281 3521 1311 3582 vi
1334 3529 1451 3583 tantum

190 3689 193 3696 ,
280 3623 534 3688 <summationem
555 3622 632 3682 enim
653 3619 704 3681 illa
724 3619 804 3695 optio
818 3635 834 3680 e
850 3618 993 3696 principio
1007 3618 1135 3680 manavit
1154 3619 1277 3691 interno,
1292 3633 1362 3681 oum
1381 3633 1453 3680 uera

280 3724 387 3787 obiecti
408 3721 520 3784 notitia.
542 3718 639 3791 Quare
660 3719 710 3795 qui
732 3717 866 3779 eamdem
888 3715 1049 3789 metuitis
1070 3730 1172 3792 reapse
1193 3722 1298 3778 auctor
1311 3715 1371 3777 fuit
1387 3730 1454 3791 pro·

283 3822 362 3898 priae
382 3819 520 3910 actionis;
534 3826 680 3896 quatenus
702 3815 795 3877 libera
808 3813 960 3876 voluntate
973 3827 990 3874 e
1004 3812 1118 3874 duobus
1140 3813 1301 3890 propositis
1315 3812 1454 3881 obieotis.

282 3917 360 3979 maio
381 3917 518 3978 nimirum
542 3924 726 3992 temporaneo
741 3910 786 3974 vel
808 3909 911 3972 morali
933 3909 1053 3986 flagitio,
1068 3909 1106 3970 ad
1126 3908 1201 3970 illud
1223 3910 1378 3972 vitandum
1394 3910 1456 3972 hoe

333 4149 367 4212 (i)
385 4149 498 4198 Stemma
515 4147 550 4196 tlt.
568 4146 605 4194 lo
617 4145 668 4194 ΖΜ
683 4157 705 4205 q.
723 4142 764 4201 VI,
779 4155 803 4190 ε.
819 4140 843 4190 6.

331 4231 366 4292 (2)
382 4232 421 4278 De
438 4229 497 4276 iure
513 4235 630 4310 natuturae
645 4233 670 4272 ot
685 4224 815 4287 pontium,
834 4217 849 4268 l.
866 4221 885 4278 1,
900 4235 921 4268 o.
937 4221 959 4270 5.
