3159 4934
315 323 373 401 34⁸.
472 338 515 380 vus
531 338 658 380 uarunan
674 354 685 365 ·
704 338 771 379 vaes
788 339 826 381 ur.
844 340 886 381 rus
904 338 1130 383 aureavarvouate
1147 342 1196 384 seu
1214 340 1329 383 ιιιιιιιιι

359 452 404 516 15.
425 450 598 520 foederum
622 450 753 537 partitio.
767 454 817 517 Ad
838 454 985 517 foederum
1001 454 1188 533 partitionem
1209 455 1291 534 quod
1310 456 1427 529 attinet,
1449 470 1482 517 ea

315 552 408 615 dividi
429 559 552 629 possunt
572 551 625 625 ιιι,
647 559 680 613 ιι
708 551 767 614 alia
787 554 854 618 sint
873 567 1034 631 quaeram
1055 552 1215 631 respiciant
1233 552 1271 615 ad
1293 555 1342 614 ius
1364 558 1487 641 naturae

252 674 257 683 ·
315 650 374 711 iam
391 651 591 725 pertinentem,
605 648 662 710 alia
679 662 748 712 vern
762 665 838 727 quae
859 649 916 712 iuri
938 650 1065 713 naturali
1086 650 1198 730 aliquid
1217 650 1367 713 adiiciant.
1386 648 1486 712 Prima

314 748 372 811 etsi
386 747 594 825 obligationem
608 756 731 810 naturae
744 748 935 823 subaudiunt,
948 764 1013 811 eam
1029 758 1127 811 tamen
1149 750 1276 812 validius
1298 750 1487 812 confirmant.

315 842 398 908 Haec
419 846 495 907 inter
515 845 619 909 civiles
641 845 764 923 populos
785 846 901 909 inutilia
925 846 1061 910 videntur
1075 857 1104 911 et
1117 849 1242 911 fortasse
1256 846 1394 910 alterutri
1413 843 1488 925 parti
1556 874 1557 879 ι

315 943 465 1006 ιιιιιιοιι.
483 943 525 1006 At
547 945 678 1022 proficua
699 951 769 1006 sunt
782 952 811 1006 et
824 944 999 1023 quandoque
1012 946 1102 1008 etiam
1117 947 1291 1021 necessaria,
1304 944 1427 1024 quando
1443 960 1488 1011 ιιι

315 1040 414 1119 agitur
439 1057 506 1103 cum
533 1042 666 1103 barbaris
687 1044 833 1121 gentibus,
847 1058 923 1122 quae
937 1042 1066 1106 iustitiae
1086 1043 1202 1123 legibus
1215 1061 1283 1123 erga
1306 1044 1488 1122 alienigenas

316 1154 349 1201 ιι
371 1140 419 1200 vix
435 1147 487 1201 aut
501 1155 536 1201 ue
550 1140 600 1201 vix
619 1140 738 1218 quidem
761 1142 852 1203 teneri
873 1142 1063 1204 arbitrantur.
1078 1138 1245 1205 Posteriora
1267 1142 1490 1220 obligationem,

315 1252 393 1315 quae
413 1243 481 1299 aute
501 1254 557 1300 nou
577 1240 722 1311 exstabat,
744 1240 881 1318 gignunt;
908 1249 938 1302 ιι
962 1239 1089 1319 dispesci
1114 1239 1211 1302 solent
1234 1240 1264 1301 in
1289 1236 1440 1319 aequatio
1460 1250 1488 1301 et

315 1332 506 1413 inaequalia,
537 1343 625 1413 prout
657 1344 754 1412 partes
784 1338 991 1401 contrahentes
1016 1338 1072 1400 sibi
1105 1338 1237 1399 vicissim
1267 1336 1416 1415 spondent
1442 1352 1488 1398 res

315 1431 434 1494 easdem
456 1431 627 1496 vel·saltem
649 1434 879 1511 aequivalentes,
893 1443 944 1497 aut
964 1452 1020 1497 una
1043 1450 1112 1514 pars
1132 1451 1164 1498 se
1183 1434 1251 1513 plus
1273 1434 1488 1513 praestituram

316 1530 489 1609 paciscitur,
508 1547 598 1610 quam
621 1541 774 1610 receptura
797 1532 837 1595 sit
857 1535 896 1596 ab
917 1533 1018 1596 altera.

356 1626 412 1692 Est
432 1631 521 1691 etiam
543 1628 622 1690 aliud
644 1646 736 1708 genus
753 1630 902 1693 foederum
924 1630 1133 1709 inaequalium,
1147 1647 1216 1695 cum
1230 1630 1369 1694 videlicet
1385 1646 1488 1708 respu-

315 1725 421 1800 blicae,
435 1742 510 1804 quae
523 1726 719 1799 foederantur,
733 1743 789 1788 nnn
806 1744 838 1790 se
853 1728 984 1791 vicissim
1005 1729 1198 1807 aequiparant
1218 1729 1316 1807 quoad
1339 1728 1420 1789 vires
1443 1727 1487 1789 vel

317 1822 500 1902 dignitatem,
521 1824 573 1886 sed
595 1839 652 1885 una
679 1824 763 1886 alteri
785 1826 980 1903 anteponitur,
1003 1841 1038 1888 ac
1059 1826 1180 1905 proinde
1201 1826 1268 1904 plus
1291 1827 1414 1889 honoris
1435 1835 1487 1887 aut

314 1920 391 1982 iuris
411 1921 469 1983 sibi
488 1922 638 1993 adsciscit,
658 1931 777 1984 servata
800 1931 897 1986 tamen
918 1923 1040 1988 alterius
1062 1925 1294 2002 independentia.

357 2017 469 2083 Deinde
488 2021 589 2083 foedus
610 2021 762 2098 dispartiri
778 2029 875 2099 potest
894 2022 924 2084 in
944 2021 1029 2085 reule
1041 2032 1071 2086 et
1083 2022 1257 2102 personale,
1274 2032 1360 2101 prout
1373 2022 1482 2085 directe

314 2125 347 2181 et
368 2117 569 2197 principaliter
583 2120 796 2197 rempublicam
811 2120 918 2198 ipsam,
934 2129 985 2183 aut
1000 2137 1153 2199 personam
1171 2122 1268 2199 potins
1284 2121 1420 2200 principis
1435 2136 1483 2183 re·

316 2215 431 2293 spiciat.
448 2213 479 2279 Si
493 2217 570 2278 enim
585 2218 641 2279 hoc
658 2218 803 2294 posterius
817 2218 978 2292 intercidit,
994 2219 1142 2297 obligatio,
1158 2235 1247 2309 qnam
1271 2220 1485 2309 foedusfafietf,
1557 2240 1558 2257 ³

317 2331 385 2378 cum
408 2316 577 2398 societatem
598 2316 712 2396 ligetvi
734 2332 882 2395 personae,
897 2316 945 2399 cui
968 2314 1114 2391 subditur,
1135 2301 1363 2398 ea'interiiin'o'e,
1377 2317 1486 2403 dissol-

319 2414 408 2477 vitur.
431 2411 617 2477 Contrarium
638 2414 757 2488 accidit,
770 2413 795 2474 si
810 2414 911 2477 foedus
925 2415 1002 2478 reale
1023 2416 1070 2479 sit.
1086 2415 1298 2493 Etenim,'cum
1314 2419 1485 2481 societatem

317 2515 412 2593 ipsam
435 2529 487 2591 per
507 2529 539 2575 se
559 2514 735 2593 adstringat,
750 2524 844 2577 morte
861 2516 1003 2594 principis
1019 2532 1074 2579 non
1090 2516 1208 2590 desinit,
1229 2517 1282 2578 sed
1298 2530 1485 2578 successures

315 2614 405 2677 ctiam
427 2612 464 2675 ad
486 2612 573 2675 fidem
595 2613 769 2675 servandam
784 2613 904 2691 obligat.
920 2612 965 2677 An
982 2630 1050 2678 vern
1075 2614 1175 2677 foedus
1188 2613 1307 2691 aliquod
1323 2613 1485 2691 putandum

317 2711 358 2773 sit
378 2710 456 2773 reale
478 2711 522 2774 vel
540 2711 704 2787 personale,
724 2711 755 2773 id
769 2726 804 2772 ex
820 2712 930 2785 verbis,
955 2711 1063 2789 quibus
1077 2726 1250 2789 expressum
1266 2718 1324 2784 est,
1337 2720 1368 2773 et
1381 2727 1418 2773 ιι
1431 2708 1490 2773 ιιι-

319 2808 506 2870 cumstantiis
526 2816 555 2869 et
578 2810 634 2869 fine
661 2808 847 2887 potissimum
872 2810 1026 2873 diiudicari
1056 2810 1151 2872 debet.
1179 2808 1237 2873 Sed
1266 2812 1411 2887 optimum
1432 2810 1487 2871 erit

319 2918 433 2966 omnem
455 2905 646 2968 dubitationis
666 2907 849 2970 occasionem
863 2908 986 2986 eripere,
1001 2916 1101 2985 aperta
1123 2907 1165 2969 rei
1187 2906 1396 2982 declaratione,
1411 2922 1486 2986 quae

317 3003 348 3064 ιι
368 3002 497 3065 feriendo
517 3005 633 3066 foedere
654 3006 716 3079 fiat,
737 3006 775 3066 ad
797 3005 924 3083 litigium
945 3003 1083 3082 deinceps
1104 3004 1320 3068 declinandum.
1345 3005 1488 3068 Animad-

319 3100 489 3161 vertendum
518 3108 614 3163 tameu
639 3111 695 3175 est,
720 3103 784 3179 ipsa
813 3102 927 3164 foedera
953 3102 1042 3165 realia
1071 3102 1099 3164 in
1124 3113 1263 3180 perpetua
1284 3104 1418 3181 dispesci
1442 3103 1486 3165 vel

316 3198 506 3274 temporaria,
527 3205 556 3260 et
577 3214 665 3277 saepe
686 3215 739 3277 pro
761 3199 900 3276 peculiari
916 3208 1029 3263 tantum
1047 3202 1162 3279 negotio
1175 3200 1241 3264 iniri
1258 3217 1355 3278 posse.

358 3295 459 3374 Atque
479 3295 553 3358 baec
573 3297 610 3359 de
630 3298 755 3360 diversis
774 3298 925 3361 foederum
941 3298 1096 3376 speciebus
1118 3297 1265 3361 delibasse
1286 3300 1431 3361 sufficiat.
1447 3296 1487 3360 De

318 3392 425 3456 ritibus
450 3409 527 3470 vero,
554 3394 663 3472 quibus
690 3395 833 3458 celebrari
854 3395 956 3469 solent,
977 3395 1050 3457 nibil
1071 3395 1215 3470 dicimus;
1237 3411 1306 3457 cum
1328 3396 1386 3459 hac
1409 3398 1439 3458 ιι
1461 3411 1489 3457 ιι

317 3492 391 3554 nihil
406 3479 631 3554 determinatum
649 3500 784 3555 enatura
805 3496 852 3569 sit,
875 3494 923 3555 sed
946 3494 1074 3556 omniaa
1096 3493 1245 3557 voluntate
1266 3501 1295 3557 ιι
1318 3495 1428 3558 usibus
1443 3510 1490 3573 po·

320 3589 455 3667 pulcrum
479 3590 630 3667 pendeant.

360 3683 406 3750 16.
430 3685 473 3752 ιιι
491 3685 646 3755 -ιιιιιιιιι
666 3682 837 3754 foederum.
853 3686 901 3751 Ad
917 3689 1066 3752 foederum
1081 3688 1258 3752 solutionem
1278 3690 1359 3768 quod
1375 3692 1489 3763 attinet,
1558 3698 1559 3773 j

319 3785 447 3862 primum
475 3785 647 3848 dissolvitur
672 3785 773 3849 foedus
801 3802 852 3863 per
879 3797 1016 3855 mutuum
1043 3802 1217 3850 consensum
1240 3788 1381 3866 partium.
1411 3787 1490 3851 Nihil
1558 3778 1559 3817 ³

316 3883 395 3945 enim
417 3890 477 3945 tam
499 3883 630 3946 naturale
650 3891 704 3963 est,
724 3899 815 3961 quam
838 3892 868 3946 ut
890 3884 1028 3962 obligatio
1057 3884 1161 3948 iisdem
1184 3885 1284 3948 causis
1307 3884 1488 3959 destruatur,

318 3981 426 4056 quibus
448 3982 533 4045 unice
554 3981 691 4060 gignitur.
707 3978 829 4056 Quodsi
853 3998 909 4043 una
932 3997 1000 4058 pars
1027 3989 1140 4044 tantum
1156 3998 1172 4043 a
1189 3983 1324 4059 pactione
1338 3982 1487 4061 implenda

320 4080 443 4153 resiliat3
465 4080 589 4142 liberum
611 4089 708 4143 manet
729 4080 813 4143 alteri
829 4081 905 4158 parti
927 4088 980 4142 aut
994 4080 1140 4142 infidelem
1163 4081 1276 4143 socium
1292 4081 1330 4142 ad
1346 4081 1489 4144 standum
1558 4150 1559 4169 ξ

318 4177 468 4237 conventis
482 4177 609 4254 adigere,
623 4186 674 4240 aut
688 4177 796 4241 foederi
812 4178 946 4239 nuntium
967 4178 1132 4240 mittereac
1154 4193 1186 4240 se
1207 4179 1286 4241 omni
1309 4179 1491 4259 obligatione
1558 4176 1559 4239 i

318 4269 446 4335 solutam
466 4273 644 4336 existimare.
666 4273 787 4348 Deinde,
808 4282 904 4338 cessat
924 4275 1028 4338 foedus
1054 4284 1149 4339 morte
1169 4275 1321 4339 foederati.
1349 4275 1445 4355 Unde,
1468 4280 1491 4339 si
