3159 4934
343 354 428 399 sarua
446 356 482 397 vv.
500 358 534 399 nn
551 354 658 398 ovvtcus
677 355 780 398 uoavurs
799 356 872 398 aaut
890 357 967 398 auvos
1189 345 1243 400 lte

109 469 149 535 R.
176 466 313 533 Concedo
336 468 493 544 maiorem,
514 477 545 531 ει
571 486 648 548 nepo
675 470 834 546 minorem,
856 486 945 549 quam
970 470 1138 548 exemplum
1165 471 1239 534 illud

65 568 149 631 nullo
171 567 258 630 modo
277 567 467 630 demonstrat.

106 663 175 729 Hoc
195 665 268 743 ipso,
282 665 361 742 quod
381 665 428 726 ius
451 658 640 742 proprietatis
661 681 678 728 a
698 670 804 728 natura
819 661 962 741 dimanat,
975 667 1039 729 eius
1052 668 1238 731 observantia

63 773 97 827 et
117 762 327 827 inviolabilitas
347 777 366 823 a
385 770 490 827 natura
511 763 699 842 praecipitur.
721 760 800 829 Hinc
821 772 917 827 tamen
944 779 1000 827 non
1022 765 1156 845 sequitur
1177 780 1235 827 non

67 877 156 940 posse
167 861 293 939 aliquem
305 860 334 923 in
345 868 476 925 extrema
487 860 533 923 vel
544 862 628 939 quasi
644 869 774 925 extrema
786 862 961 926 necessitate
975 870 1089 925 tantum
1100 864 1137 926 dc
1149 864 1237 926 rebus

64 958 175 1022 alienis
195 959 359 1037 decerpere,
373 967 515 1037 quantum
536 959 706 1023 necessitati
727 959 769 1022 illi
791 968 862 1023 tunc
883 959 1067 1039 repellendae
1087 969 1134 1024 est
1154 977 1238 1040 opus.

67 1056 176 1137 Neque
194 1058 222 1119 in
244 1057 300 1120 hoc
320 1057 481 1119 incurritur
502 1057 622 1141 vicia-bo
643 1058 839 1147 proprietatis.
861 1055 938 1121 Nam
960 1056 1116 1137 supremus
1136 1075 1236 1123 rerum

66 1154 283 1219 mundanarum
298 1154 434 1217 dominus
449 1163 493 1218 εει
505 1152 600 1230 Deus;
612 1140 792 1234 qui'partem
804 1156 894 1218 buius
906 1155 1037 1230 dominii,
1048 1157 1144 1236 quoad
1160 1157 1240 1219 utili-

67 1260 160 1315 tatem
181 1252 363 1331 capiendam,
377 1252 420 1315 sic
435 1251 560 1331 singulis
580 1252 750 1315 hominibus
764 1252 919 1331 concessit,
939 1260 972 1314 ut
985 1254 1049 1315 eius
1063 1254 1237 1317 exercitium

61 1359 183 1415 ceteros
197 1366 253 1413 non
268 1357 387 1428 poneret
401 1350 430 1412 in
445 1349 682 1428 impossibilitate
695 1349 831 1413 servandi
847 1351 948 1412 vitam.
963 1347 1061 1424 Quare
1074 1352 1100 1413 si
1122 1359 1239 1431 tempus

64 1448 189 1522 incidat,
210 1464 268 1527 quo
288 1448 365 1527 quis,
385 1448 501 1510 deiectu
522 1447 695 1521 mediorum,
714 1447 750 1510 de
772 1449 833 1511 vita
855 1447 1051 1525 periclitetur;
1072 1449 1200 1513 laevitas
1221 1466 1238 1512 a

65 1546 130 1611 Deo
150 1546 219 1609 data
240 1545 413 1624 intelligitur
434 1546 568 1625 capiendi
593 1544 785 1625 undequaque
809 1545 850 1619 id,
871 1545 950 1623 quod
972 1553 1052 1608 tanto
1073 1545 1237 1609 discrimini

64 1645 241 1708 declinando
268 1644 466 1708 necessarium
495 1652 549 1706 cst.
578 1642 682 1721 Neque
707 1645 735 1706 in
765 1645 822 1705 boo
849 1643 960 1705 lurtum
990 1650 1137 1721 patratur;
1168 1659 1237 1706 cum

64 1745 179 1805 lurtum
201 1745 240 1805 sit
260 1743 371 1806 ablatio
393 1742 434 1805 rei
455 1741 576 1816 alienae,
589 1742 682 1806 invito
697 1741 910 1804 rationabiliter
928 1740 1058 1803 domino:
1082 1756 1115 1802 aa
1137 1750 1236 1804 antem

64 1841 228 1919 hypothesi
241 1840 286 1903 vel
307 1840 443 1903 dominus
458 1854 513 1902 non
535 1847 580 1901 est
593 1838 712 1918 invitus,
728 1837 774 1901 vel
791 1847 871 1901 certe
892 1855 947 1901 non
962 1846 1008 1901 est
1022 1839 1237 1902 rationabiliter

64 1938 188 2000 invitus.
204 1935 316 2001 Verum
337 1936 501 2001 cavendum
516 1944 571 2014 est,
585 1952 622 1998 ne
636 1936 817 1999 conditiones
838 1936 996 2015 requisitae
1017 1936 1237 2011 transiliantur;

63 2035 218 2109 nimirum,
237 2042 270 2097 ut
281 2036 442 2098 necessitas
458 2050 526 2098 vere
541 2036 580 2097 sit
594 2042 724 2097 extrema
739 2033 785 2096 vel
801 2025 886 2112 quasi
904 2041 1050 2107 extremm
1070 2042 1103 2097 ut
1122 2035 1237 2098 nullum

63 2132 149 2196 aliud
164 2132 291 2195 medium
306 2133 343 2194 ad
358 2148 422 2196 eam
438 2128 634 2210 repellendam
649 2132 742 2205 adsit;
759 2140 792 2194 ut
806 2139 919 2193 tantum
935 2132 1079 2210 capiatur,
1090 2140 1234 2210 quantum

64 2231 226 2295 necessitas
241 2237 311 2293 tunc
327 2229 470 2309 postulat;
484 2236 572 2309 atque
593 2239 626 2291 ut
639 2246 671 2293 re
685 2229 841 2292 auferenda
862 2230 999 2291 dominus
1020 2230 1050 2290 iu
1064 2230 1166 2291 eadem
1189 2246 1239 2291 nc·

61 2331 207 2393 cessitate
227 2345 282 2391 non
304 2330 511 2392 constituatur.
1129 2403 1134 2417 ι

110 2424 203 2490 Obiic.
219 2426 254 2491 ll.
271 2442 307 2489 ex
321 2424 456 2490 Hobbes:
472 2424 511 2489 ti
526 2435 649 2489 naturae
663 2441 764 2489 omncs
778 2425 827 2488 ius
841 2425 951 2487 babent
964 2425 1001 2487 ad
1017 2425 1123 2488 omnia.
1139 2423 1233 2489 Nemo

63 2523 160 2604 igitur
174 2524 264 2587 alium
279 2524 435 2587 excludere
449 2531 547 2603 potest
561 2542 578 2587 a
593 2541 624 2587 rc
645 2524 715 2600 ulla,
730 2539 820 2603 quam
834 2524 890 2585 sibi
904 2526 979 2586 torte
996 2523 1165 2587 vindicavit.
1180 2522 1238 2586 Sed

67 2626 134 2685 sine
152 2622 291 2686 facultate
312 2623 484 2685 excludendi
499 2623 572 2686 alios
593 2640 610 2685 a
633 2638 673 2695 rc,
688 2639 778 2701 quam
793 2622 901 2700 aliquis
917 2621 1056 2699 possidet,
1072 2622 1237 2699 proprietas

61 2722 185 2801 concipi
205 2724 314 2801 nequit.
336 2720 417 2802 Ergo
436 2722 467 2784 in
489 2730 568 2785 statu
590 2728 721 2795 naturae,
743 2732 810 2784 ante
830 2720 927 2784 civilis
949 2720 1100 2784 societatis
1119 2721 1239 2785 institu-

61 2822 186 2895 tionem,
200 2821 363 2899 proprietas
385 2821 499 2898 privata
514 2820 626 2883 adstrui
641 2835 825 2899 nequaquam
848 2827 951 2897 potest.
966 2816 1047 2882 Haec
1061 2820 1152 2899 igitur
1165 2836 1239 2884 non-

61 2919 154 2981 nisia
176 2920 315 2981 societate
336 2920 363 2979 vi
386 2919 484 2998 legum
506 2917 637 2981 civilium
659 2918 801 2996 originem
823 2918 914 2980 ducit.

104 3015 143 3079 R.
159 3012 244 3078 Dici.
259 3019 325 3079 ont.
344 3013 379 3079 Vi
400 3025 523 3079 naturae
543 3031 643 3078 omnes
665 3016 711 3077 ius
730 3015 839 3078 habent
860 3015 898 3077 ad
919 3016 1016 3078 omnia
1038 3017 1187 3079 abstracte
1207 3027 1239 3080 ct

62 3114 213 3194 negative,
235 3130 325 3190 cooc;
347 3114 539 3178 determinate
559 3122 590 3176 ct
611 3114 743 3192 positive,
764 3130 850 3194 nepo.
1055 3092 1146 3119 κ

104 3202 359 3289 liss'ptroprietatis
374 3211 484 3289 duplici
499 3211 585 3275 modo
598 3212 726 3289 spectari
743 3218 855 3288 potest:
870 3208 1026 3274 abstracte
1039 3218 1068 3273 et
1082 3215 1219 3275 concrete
1224 3230 1237 3286 ‚·

61 3310 121 3384 vel,
137 3310 162 3371 si
180 3309 276 3388 magis
296 3309 385 3387 lubet,
400 3309 542 3390 nopolioc
555 3317 585 3371 ct
597 3309 738 3389 positive.
753 3306 853 3371 Primo
876 3309 962 3373 modo
980 3310 1130 3387 significat
1143 3309 1235 3372 lacul-

62 3414 157 3470 tatcm
180 3407 357 3485 acquirendi,
378 3407 539 3485 generatim
566 3415 732 3484 acceptam;
761 3406 832 3485 quin
857 3406 919 3468 ulla
947 3408 1069 3468 materia
1098 3406 1237 3469 determi-

62 3513 162 3568 netur.
184 3504 215 3569 ln
237 3506 293 3568 boc
315 3522 402 3568 sensu
423 3520 524 3568 omnes
545 3506 574 3566 vi
595 3513 715 3567 naturae
736 3504 783 3566 ius
805 3504 915 3566 babent
935 3505 972 3566 ad
994 3505 1099 3567 omnia.
1122 3503 1237 3567 Natura

58 3605 146 3667 enim
158 3620 207 3683 per
220 3621 251 3667 sc
265 3604 373 3667 nullam
389 3620 451 3667 rem
466 3602 642 3681 peculiarem
657 3603 748 3667 alicui
764 3620 905 3683 personae
919 3604 1015 3667 adseri
1019 3604 1088 3681 psit.
1101 3601 1237 3667 Secundo

60 3700 156 3765 modo
175 3701 220 3763 ius
241 3703 277 3763 ad
302 3704 398 3767 omnia
427 3701 550 3780 intelligi
578 3709 676 3779 posset
704 3703 843 3762 concrete
869 3709 899 3763 et
926 3700 1067 3779 positivo,
1089 3708 1237 3778 quatenns

60 3800 214 3880 significet
236 3799 405 3863 facultatem
434 3799 596 3878 usurpandi
624 3814 684 3889 rem
712 3799 885 3876 quamlibet,
906 3799 1025 3861 etiamsi
1052 3798 1128 3860 alius
1153 3797 1235 3860 illam

57 3898 256 3976 occupatione
276 3907 329 3959 ant
347 3897 447 3961 labore
468 3888 553 3961 suam
573 3884 713 3960 effecerit.
728 3893 761 3959 ln
783 3898 840 3959 boc
861 3912 949 3957 sensu
970 3895 1043 3957 ialsa
1063 3903 1108 3959 est
1129 3911 1235 3975 propo-

61 3998 150 4070 sitio;
171 3997 316 4074 siquidem
338 3997 385 4059 ius
405 3998 463 4059 hoc
483 4003 587 4058 natura
609 3993 717 4055 nemini
743 3992 840 4066 dedit;
861 3994 952 4055 immo
978 3993 1075 4072 potius
1098 3995 1236 4057 omnibus

59 4095 206 4174 imposuit
227 4094 356 4157 officium
371 4110 427 4157 non
446 4092 582 4171 tangendi
604 4106 675 4163 rem,
690 4090 728 4152 ab
746 4091 814 4152 aliis
829 4091 904 4151 iuste
923 4106 1102 4169 possessam.
1118 4114 1136 4149 ‹
1150 4090 1238 4155 Com-

59 4192 196 4255 munitas
216 4208 324 4272 rerum,
338 4193 381 4255 ait
395 4190 424 4255 S.
441 4189 580 4263 Thomas,
594 4188 768 4251 attribuitur
788 4187 846 4249 iuri
869 4189 1078 4261 naturalium
1098 4190 1168 4268 quia
1190 4190 1238 4251 ius

59 4290 200 4354 naturale
220 4290 310 4353 dictet
331 4291 428 4354 omnia
442 4304 508 4352 csse
530 4285 702 4365 possidenda
719 4286 914 4350 communiter
929 4294 958 4348 et
973 4286 1046 4349 nihil
1066 4303 1131 4351 esse
1149 4286 1239 4365 quasi
