3159 4934
303 261 354 316 tua
594 270 634 313 tus
652 270 776 314 uuruaae
794 290 804 299 -
822 272 889 324 runs
908 271 923 311 t.
943 272 986 314 tus
1005 270 1174 312 tnnrvmuaus

301 389 379 452 mitti
394 388 502 467 nequit,
517 402 720 466 quaecumque
734 394 802 450 uota
815 393 867 449 aut
882 386 991 448 malum
1006 387 1171 459 immineam
1185 396 1275 465 atque
1294 389 1323 448 in
1338 390 1395 451 boc
1409 404 1471 452 nou
1557 399 1559 406 ·

299 488 432 549 abiectus
454 485 506 549 sed
525 484 660 548 excelsus
681 484 778 563 potius
794 484 911 547 animus
930 486 1101 547 ostenditur.
1115 482 1181 547 Hoc
1201 486 1239 547 ad
1261 486 1469 549 difficultatem

300 584 466 649 solvendam
481 582 588 661 oppidu
604 582 723 645 sufficit.
736 580 935 645 Nihilominus
948 583 1069 660 adiungi
1084 582 1320 656 debetduellum
1331 600 1387 647 non
1400 598 1471 647 esse

298 696 399 745 verum
420 680 560 743 indicium
575 679 767 743 tortitudinis.
785 677 928 757 Primum,
941 680 1012 758 quia
1024 680 1166 744 lentitudo
1186 696 1254 744 cum
1276 683 1474 759 praestantis-

297 779 371 840 sima
392 778 431 840 sit
446 776 550 850 virtus,
567 778 729 841 consistere
749 778 851 855 nequit
871 778 901 839 ln
921 778 1045 854 actione,
1058 793 1135 855 quae
1154 779 1193 840 ab
1213 780 1292 841 omni
1313 780 1472 843 honestate

295 875 482 953 disiungitur.
499 866 621 949 Deinde,
633 875 703 953 quia
724 876 840 937 etiamsi
856 873 1021 953 appelletur
1042 874 1191 949 tortitudo,
1205 890 1261 939 non
1281 876 1377 938 virtus
1399 892 1470 954 prn-

297 973 359 1053 prie
372 972 462 1046 dicta,
476 972 527 1034 sed
541 973 666 1035 andacia
689 979 803 1036 tantum
824 972 915 1034 animi
935 973 965 1034 in
986 980 1079 1035 morte
1095 973 1269 1050 spernenda;
1288 975 1362 1038 haec
1375 973 1469 1036 etiam

297 1086 348 1149 per
362 1068 491 1132 duellum
503 1069 583 1134 nullo
598 1068 684 1133 modo
697 1070 924 1133 demonstratur.
936 1068 1022 1144 Nam,
1034 1085 1103 1133 cum
1114 1070 1253 1146 duellum,
1266 1078 1360 1133 totum
1370 1087 1470 1150 quun-

297 1178 360 1230 tum
376 1176 430 1247 est,
446 1168 550 1231 virium
566 1170 670 1231 robore
684 1175 712 1231 et
730 1168 835 1246 peritia
856 1184 893 1230 ac
906 1167 1080 1231 dexteritate
1095 1168 1252 1247 pugnantis
1267 1169 1394 1241 nitatur,
1408 1184 1469 1232 uon

297 1272 343 1329 est
363 1280 415 1343 per
435 1281 467 1328 se
487 1272 600 1329 certum
621 1265 713 1327 animi
734 1264 807 1328 nihil
831 1266 1002 1343 trepidantis
1021 1273 1234 1344 argumentum.
1250 1263 1348 1337 Quare
1362 1280 1469 1345 saepe-

296 1354 416 1426 numero
429 1363 480 1441 qui
500 1363 529 1424 in
551 1363 676 1440 privatis
696 1362 866 1425 huiusmodi
889 1362 995 1441 pugnis
1014 1361 1204 1424 audacissimi
1222 1362 1366 1437 videntur,
1381 1363 1467 1426 vilis-

296 1460 364 1522 simi
384 1460 602 1537 comperiuntur
629 1461 659 1521 in
685 1459 772 1532 bello,
793 1460 871 1539 quod
894 1461 1010 1537 proprie
1038 1462 1268 1537 experimentum
1298 1469 1345 1523 est
1378 1464 1469 1523 tortis

295 1566 384 1629 animi
406 1576 435 1629 et
457 1567 603 1629 obfirmati
619 1567 762 1629 adversus
779 1567 976 1645 periculorum
991 1575 1020 1629 et
1041 1567 1146 1630 mortis
1160 1567 1343 1645 adspectum.

687 1916 835 1993 curun
861 1916 1085 2008 ouunuuu

599 2130 637 2179 DE
663 2129 789 2180 curtulis
814 2129 938 2179 ttutttttts
963 2130 1038 2178 ucat
1064 2128 1162 2178 tutos.

332 2358 380 2425 61.
393 2360 478 2430 catto
493 2361 691 2431 tractationis
705 2368 736 2430 el
752 2359 883 2449 partilio.
895 2360 1043 2442 Homines,
1059 2373 1218 2441 utcumque
1230 2363 1463 2427 accidentalibus
1567 2395 1569 2448 5

298 2462 469 2527 differentiis
489 2464 704 2542 discrepantes;
725 2472 833 2538 mmen,
853 2463 891 2526 ad
911 2464 1070 2526 essentiam
1090 2463 1169 2542 quod
1190 2464 1324 2542 pertinet,
1345 2464 1464 2527 omnino
1567 2475 1569 2478 ·

293 2562 369 2624 inter
391 2578 423 2625 se
443 2563 626 2640 conveniunt,
641 2564 727 2642 quasi
749 2572 849 2642 partes
869 2562 1066 2641 homogcneae
1086 2562 1176 2625 totius
1197 2562 1363 2635 cuiusdam,
1382 2563 1462 2639 quod

294 2658 390 2735 specie
411 2660 540 2723 humana
555 2661 728 2724 continetur.
745 2658 874 2740 Quisque
888 2662 964 2722 enim
979 2674 1100 2737 corpore
1119 2660 1267 2739 organico,
1281 2668 1311 2722 et
1325 2660 1463 2722 rationali

293 2756 392 2818 animo
416 2765 598 2832 apostatae
624 2758 815 2822 facultatibus
839 2758 947 2837 gaudet
972 2757 1040 2819 inde
1064 2757 1287 2835 emergentibus.
1309 2753 1407 2830 Quare
1426 2765 1462 2818 nt

293 2852 494 2930 sensibilitate,
516 2855 559 2917 sic
579 2856 675 2918 etiarn
696 2856 888 2935 intelligentia
908 2864 939 2918 et
958 2854 1115 2919 rellexione
1138 2864 1168 2917 et
1195 2853 1286 2919 libera
1311 2855 1463 2918 voluntate
1567 2865 1569 2868 ·

292 2949 443 3027 praeditus
467 2960 523 3025 est,
544 2960 572 3015 et
597 2953 635 3015 ad
664 2955 868 3032 perlectionem
896 2968 979 3015 suam
1003 2954 1111 3031 iugiter
1134 2953 1297 3031 augendam
1323 2954 1462 3031 viresque
1567 3001 1569 3028 ,

292 3047 480 3126 explicandas
495 3052 651 3114 conmndit.
669 3049 753 3115 Unde
768 3052 870 3115 eadem
892 3058 996 3113 natura
1015 3051 1142 3113 humana
1163 3050 1192 3112 in
1213 3049 1340 3130 singulis
1359 3050 1462 3113 multi-

290 3145 399 3223 plicata
420 3156 449 3210 et
469 3150 554 3227 quasi
575 3148 682 3213 iterata
703 3150 890 3230 conspicitur.

248 3250 251 3255 '
329 3241 407 3307 Hinc
428 3262 528 3309 omnes
549 3248 724 3328 cognatione
744 3247 873 3326 quadam
893 3256 923 3309 et
943 3246 1069 3309 naturali
1087 3248 1227 3312 societate
1241 3247 1460 3319 devinciuntur,

289 3349 378 3421 atque
399 3343 435 3405 ad
458 3344 961 3421 cundemfiuem,omnibusaet1ue
982 3346 1155 3421 praefixum,
1173 3351 1379 3422 promoventur
1401 3345 1460 3407 sub

291 3455 348 3503 uuo
371 3441 564 3519 gubernatore
586 3440 658 3514 Deo,
680 3442 812 3504 omnium
838 3448 956 3518 parente
983 3449 1013 3502 et
1038 3440 1176 3519 principe.
1199 3438 1275 3503 Hinc
1303 3441 1398 3503 oritur
1423 3450 1460 3502 ut

289 3536 378 3600 ctiam
400 3546 483 3599 extra
506 3537 621 3600 civilem
643 3538 821 3611 convictum,
841 3539 952 3599 mutuis
973 3538 1078 3601 officiis
1098 3537 1174 3600 inter
1201 3553 1234 3601 se
1254 3546 1417 3610 teneantur,
1438 3556 1458 3600 a

290 3641 394 3695 natura
409 3633 682 3712 proficiscentibus3
698 3635 734 3698 dc
748 3635 856 3713 quibus
871 3634 984 3712 aliquid
998 3635 1140 3697 disserere
1157 3642 1282 3713 oportet,
1298 3642 1459 3713 antequam

290 3732 327 3792 ad
342 3739 453 3795 statum
474 3732 623 3806 socialem,
639 3734 755 3812 proprie
778 3732 901 3809 dictum,
919 3732 1080 3795 veniamus.
1102 3730 1146 3795 Ne
1167 3739 1268 3794 autem
1288 3738 1458 3811 argumenti

289 3829 450 3906 amplitudo
470 3845 522 3893 nos
541 3829 657 3909 longius
686 3830 854 3907 pertraham
875 3830 913 3891 ad
934 3831 991 3892 tria
1017 3837 1130 3892 tautum
1160 3839 1268 3908 puncta
1290 3846 1459 3894 sermonem

290 3932 422 3989 nostrum
437 3936 631 3992 coarctamus.
645 3926 788 4003 Primum,
799 3930 834 3992 de
849 3943 949 3991 amore
962 3944 1050 4007 quem
1064 3930 1225 4007 generatim
1240 3931 1328 3992 bomo
1342 3930 1458 3992 bomini

289 4022 391 4097 debet;
414 4025 516 4088 deinde
542 4027 579 4089 de
610 4028 673 4089 iure
705 4027 899 4106 proprietatis,
918 4026 997 4105 quod
1031 4026 1207 4105 peculiarem
1235 4027 1457 4090 observantiam

289 4120 433 4199 postulat;
447 4122 569 4201 denique
584 4124 620 4186 de
635 4125 836 4188 contractibus
856 4124 1034 4203 eloquemur,
1051 4138 1087 4186 ex
1108 4124 1217 4202 quibus
1236 4123 1459 4204 novae-obliga-

291 4217 394 4293 tiones,
408 4228 522 4298 praeter
542 4221 700 4295 naturales,
713 4230 899 4285 enascuntur.
