3159 4934
307 342 363 397 aab
630 352 672 396 rus
690 352 815 395 narnate
832 368 842 379 -
862 350 930 393 nans
950 349 976 393 n.
992 349 1036 392 rus
1055 348 1162 391 socrate

348 466 385 532 R.
400 465 481 531 Haec
500 468 626 530 obiectio
647 465 802 545 multiplici
823 481 859 527 ex
881 470 965 543 parte
988 470 1080 527 nutat
1096 460 1174 526 Nam
1194 463 1225 525 in
1247 461 1350 539 primis
1371 459 1485 539 impos·

308 564 394 627 sibile
406 564 532 642 quaerit,
545 580 649 642 nempe
663 563 860 627 omnimodam
874 561 1078 625 certitudinem
1091 562 1187 639 quoad
1200 558 1390 623 removendos
1406 558 1483 621 abu-

309 662 381 725 sus.
396 660 507 726 Deinde
531 664 647 741 ignorat
675 676 759 724 veras
788 660 947 732 cautiones,
975 674 1050 737 quau
1077 657 1115 720 ad
1143 654 1284 720 tuendam
1312 656 1481 719 libertatem

232 833 235 839 ,
308 759 419 823 civium
432 759 536 822 baberi
557 764 688 837 possunt.
704 754 866 833 Postremo,
882 757 1011 819 medium
1033 755 1176 834 suggerit,
1192 754 1270 833 quod
1285 754 1397 815 abusus
1414 768 1481 830 pos-

309 857 481 921 sibilitatem
508 871 564 919 non
585 856 686 918 demit.
708 854 748 917 Et
776 870 846 917 sane
866 854 1009 933 quamdiu
1031 852 1166 917 voluntas
1195 854 1324 915 bumana
1344 851 1485 916 libertate

309 955 417 1018 lruitur
436 961 467 1017 et
486 952 593 1015 flexilis
622 953 717 1015 estin
738 952 866 1027 malum;
890 951 1071 1029 possibilitas
1103 950 1215 1013 abusus
1237 950 1267 1012 in
1299 952 1483 1029 gubernante

310 1052 423 1115 destrui
445 1050 555 1128 nequit,
570 1058 730 1127 utrumque
750 1049 912 1112 materialis
933 1050 1069 1111 machina
1091 1048 1243 1127 regiminis
1264 1048 1481 1126 compingatur.

311 1147 344 1213 ln
365 1150 455 1211 rebus
474 1163 553 1210 mere
574 1148 708 1227 physicis
729 1148 759 1209 iu
782 1154 896 1211 tantum
917 1165 951 1211 ex
974 1141 1081 1210 'virium
1109 1149 1312 1226 oppositarum
1337 1156 1483 1226 tempera-

312 1246 390 1308 tione
404 1244 609 1324 aequilibrium
633 1246 767 1325 babetur,
782 1246 812 1307 in
832 1254 976 1325 quantum
997 1246 1074 1311 uires
1095 1246 1161 1309 illae
1183 1262 1287 1310 coccae
1309 1254 1388 1321 sunt,
1404 1254 1484 1309 etex

312 1344 488 1407 necessitate
515 1351 680 1421 operantur.
703 1342 736 1406 ld
757 1352 856 1406 autem
885 1345 923 1406 ad
946 1343 1111 1407 voluntates
1140 1346 1286 1406 humanas
1314 1343 1486 1423 transferre,

312 1442 474 1504 absurdum
494 1448 549 1504 cst.
570 1440 675 1515 Quoad
696 1442 847 1504 cautiones
876 1458 945 1505 vero
967 1457 1020 1520 pro
1040 1442 1176 1505 libertate
1205 1443 1327 1516 oinium,
1349 1443 1405 1505 hae
1426 1458 1485 1506 non

312 1538 429 1602 aliunde
450 1539 633 1616 suppeditari
655 1545 801 1616 poterunt,
816 1539 873 1601 nisi
894 1554 931 1601 ex
952 1540 1105 1602 honestate
1125 1538 1391 1615 imperantiumsi
1406 1542 1485 1602 enim

311 1636 363 1714 qui
391 1636 541 1699 societatis
565 1635 764 1713 gubernaculo
793 1636 934 1711 assident,
957 1635 1023 1699 boni
1052 1637 1162 1715 publici
1190 1646 1261 1699 sunt
1281 1645 1428 1701 amatores
1456 1647 1486 1701 et

312 1736 477 1799 officiorum
506 1743 632 1814 tenaces,
654 1736 718 1797 iura
748 1735 932 1815 singulorum
962 1745 1063 1799 sancte
1085 1744 1238 1815 protegent
1264 1745 1295 1798 et
1314 1736 1485 1800 felicitatem

313 1848 498 1897 communem
519 1833 652 1911 impense
673 1834 834 1908 curabunt;
856 1833 924 1897 licet
947 1834 1030 1912 plena
1053 1842 1197 1912 potestate
1219 1835 1375 1913 gaudeant,
1396 1834 1487 1897 nullis

314 1932 495 1994 mechanicis
510 1932 634 1994 vinculis
647 1933 771 1995 irretita.
787 1932 838 1995 Sin
855 1934 938 2009 pravi
959 1932 1032 2007 sint;
1048 1933 1180 2011 privatae
1196 1940 1310 1995 tantum
1326 1932 1488 1995 studebunt

314 2028 434 2091 utilitati
450 2037 479 2092 et
499 2029 641 2107 populum
662 2030 838 2107 oppriment,
850 2041 1010 2109 utcumque
1025 2038 1152 2108 potestas
1173 2029 1340 2093 minutatim
1365 2037 1487 2093 secetur

313 2134 345 2189 ct
365 2140 418 2205 per
437 2128 577 2190 disiectas
598 2127 760 2204 particulas
783 2128 917 2205 pluribus
935 2129 1145 2191 committatur.
1162 2126 1324 2191 Gonilictus
1339 2129 1416 2189 enim
1432 2142 1486 2189 cu·

313 2226 473 2303 piditatum
494 2233 523 2289 et
544 2234 648 2289 mutua
677 2227 854 2307 resistentia,
877 2227 906 2289 in
928 2228 1038 2307 quibus
1061 2235 1120 2290 tota
1145 2229 1218 2290 haec
1240 2225 1381 2289 dissectio
1403 2240 1486 2305 spem

315 2325 405 2403 ponit,
419 2325 477 2387 sia
493 2325 638 2401 probitate
659 2326 833 2403 seiungitur,
847 2325 944 2387 locum
959 2342 1016 2387 non
1032 2326 1137 2399 babet;
1152 2324 1209 2387 nisi
1226 2324 1367 2403 quamdiu
1384 2324 1483 2385 studia

315 2422 496 2502 singulorum
511 2422 656 2484 dissident
676 2422 752 2485 inter
773 2439 814 2485 se.
830 2420 913 2497 Quae
933 2423 1052 2501 quidem
1067 2422 1241 2485 dissidentia
1262 2422 1349 2485 lacile
1369 2436 1489 2499 compo-

314 2522 404 2594 nitur,
425 2522 451 2581 si
471 2520 597 2599 quisque¹
624 2520 736 2599 aliquid
756 2520 843 2583 alteri
872 2521 1014 2594 concedit,
1035 2521 1171 2583 utillum
1197 2521 1329 2584 uicissim
1351 2536 1405 2598 pro
1432 2536 1486 2581 sua

315 2620 444 2683 utilitate
471 2620 699 2682 consentientem
727 2620 844 2681 habeat.
867 2616 916 2682 Sic
945 2620 1076 2697 privatae
1104 2620 1313 2696 imperantium
1343 2618 1489 2681 utilitates

316 2718 492 2797 principium
502 2718 627 2782 evadent
644 2733 816 2795 supremum
831 2716 963 2780 iustitiae
973 2726 1002 2779 et
1016 2717 1281 2779 administrationis
1296 2716 1490 2795 reipublicae.

315 2813 350 2880 ld
364 2826 473 2890 autem,
487 2825 521 2878 ut
541 2817 666 2895 quisque
685 2817 846 2890 videtum
870 2812 998 2879 libertati
1012 2816 1099 2889 iavet,
1115 2815 1167 2877 sed
1182 2814 1373 2877 deterrimam
1390 2823 1493 2893 tyran·

317 2914 416 2977 uidem
437 2923 525 2978 creat.

357 3010 421 3075 Nec
447 3012 539 3075 instes
566 3012 595 3074 in
620 3019 705 3075 coetu
731 3010 861 3089 plurium
889 3026 1003 3088 semper
1028 3011 1117 3074 bonos
1141 3009 1255 3088 aliquos
1280 3010 1413 3088 reperiri,
1438 3012 1492 3090 qui

318 3127 425 3191 pravae
446 3110 570 3174 aliorum
599 3110 742 3175 uoluntati
762 3110 940 3173 obnituntur.
961 3107 1039 3171 Nam
1068 3109 1210 3172 bonorum
1233 3115 1355 3171 conatus
1382 3110 1492 3171 ellectu

317 3208 402 3271 iacile
412 3209 602 3283 frustrantur,
616 3215 679 3270 tum
690 3209 727 3271 ob
741 3208 883 3270 maiorem
898 3200 1099 3285 improborum
1111 3222 1277 3280 numerum,
1289 3215 1354 3267 tum
1371 3214 1493 3285 propter

317 3307 435 3369 lraudes
448 3314 478 3368 et
491 3304 584 3367 malas
606 3314 696 3380 artes,
710 3306 820 3383 quibus
842 3305 873 3367 ni
889 3304 923 3367 ad
942 3304 1090 3383 proprium
1111 3305 1300 3368 obtinendum
1322 3306 1415 3368 sunem
1430 3305 1496 3367 cal·

317 3404 459 3466 lidissime
473 3409 605 3465 utuntur.
620 3402 697 3465 Nam
713 3419 766 3481 per·
784 3418 816 3466 se
830 3402 859 3465 iu
875 3402 963 3465 rebus
980 3402 1098 3481 agendis
1112 3404 1157 3465 vis
1181 3402 1384 3479 improborum
1406 3402 1496 3481 longe

320 3502 462 3581 potentior
476 3511 532 3573 est,
546 3516 635 3580 quam
650 3500 802 3562 bominum
818 3499 921 3561 virtuti
936 3499 1175 3573 adhaerentium,
1190 3499 1335 3577 siquidem
1352 3500 1407 3572 illi,
1420 3515 1493 3561 cum

319 3598 433 3660 nullum
454 3599 612 3661 discrimen
641 3598 770 3659 habeant
791 3597 908 3659 bonesti
929 3614 946 3658 a
968 3598 1057 3675 turpi,
1078 3596 1163 3675 longe
1194 3598 1297 3660 maiori
1326 3597 1494 3660 mediorum

320 3697 404 3774 copia
425 3696 584 3769 abundant,
598 3710 688 3772 quam
708 3696 761 3773 qui
776 3694 843 3757 sola·
860 3697 1011 3759 honestate
1032 3696 1188 3758 ducuntur.
1206 3692 1294 3757 Linea
1316 3696 1394 3757 euim
1409 3703 1496 3757 recta

320 3812 377 3857 una
391 3802 450 3869 est;
463 3810 571 3857 curvae
584 3799 683 3855 autem
698 3794 876 3856 innumerae.
888 3791 980 3855 Cuius
993 3794 1126 3857 ueritatis
1141 3792 1376 3856 luculentissima
1394 3808 1496 3855 exem-

320 3892 369 3971 pla
390 3892 531 3955 historiae
552 3890 725 3968 perhibent;
740 3897 830 3969 atque
849 3890 963 3953 utinam
986 3890 1093 3955 nostris
1114 3890 1203 3953 etiam
1217 3890 1312 3954 oculis
1332 3906 1389 3954 non
1406 3907 1500 3954 usur-

322 3990 478 4067 paremusl

366 4083 458 4149 Obiic.
480 4085 516 4151 Il.
538 4086 627 4165 Apud
649 4086 761 4166 Anglos
788 4088 863 4149 baec
886 4087 1039 4164 potestatis
1060 4086 1166 4148 divisio
1191 4085 1322 4161 obtinet;
1344 4093 1374 4149 et
1395 4094 1499 4149 tamen

322 4183 410 4257 mala,
425 4202 500 4263 quae
518 4186 666 4263 descripta
688 4194 765 4261 sunt,
782 4200 837 4247 non
861 4185 996 4262 parturit.
1018 4181 1125 4256 Quidni
1147 4184 1241 4262 igitur
1263 4184 1366 4247 eadem
1388 4186 1501 4262 guber-

322 4282 410 4345 nandi
425 4284 500 4346 ratio
514 4284 552 4345 ad
572 4282 646 4345 alias
660 4299 777 4362 quoque
791 4290 891 4363 gentes
912 4284 1062 4346 transferri
1078 4284 1203 4360 poterit?
1220 4282 1259 4347 Et
1280 4300 1350 4348 sane
1365 4280 1502 4348 Montes·

320 4382 410 4460 quien
432 4395 517 4442 suam
539 4382 684 4443 theoriam
703 4398 721 4443 a
743 4380 974 4444 consideratione
995 4380 1102 4459 anglici
1124 4381 1274 4461 regiminis
1295 4382 1453 4447 derivavit.
