3159 4934
312 313 365 371 352
467 330 509 372 lUS
526 332 652 375 namnam
669 350 679 359 ·
699 333 766 374 PARS
783 335 819 375 ltt.
839 334 881 377 ttts
900 334 1126 377 incensationem
1142 336 1190 379 SEU
1209 338 1324 380 summunt

790 607 958 671 Anniculus
980 607 1002 673 1.

746 739 797 805 De
817 742 941 807 iustitia
961 740 1040 807 tert.

353 931 401 999 22.
426 934 474 1002 lus
495 932 568 1003 betti
589 934 686 1004 orifttt
705 953 727 1003 tt
748 944 871 1006 natura.
894 938 1017 1013 Bellum,
1039 956 1091 1018 por
1112 957 1144 1003 se
1164 950 1342 1023 spectatum,
1363 943 1396 1005 in
1423 958 1495 1021 pro-

314 1035 379 1111 prio
398 1043 553 1113 conceptu,
573 1037 820 1113 quemadmodum
843 1038 993 1117 praeclare
1013 1040 1055 1101 ait
1076 1036 1267 1118 Taparellius,
1281 1040 1339 1103 boc
1361 1055 1494 1118 praese-

311 1130 378 1206 fert,
400 1139 434 1193 ut
453 1135 492 1194 sit
512 1131 633 1197 ordinis
653 1131 789 1197 uiolento
809 1133 949 1211 defensio
965 1134 1016 1215 (f).
1038 1134 1088 1199 lus
1109 1136 1187 1199 enim
1215 1152 1282 1199 cum
1312 1139 1491 1201 coactivum

313 1231 351 1291 sit
371 1236 475 1293 natura
497 1247 560 1306 sua,
580 1233 638 1296 hoc
659 1232 715 1295 sibi
738 1233 876 1311 vindicat,
899 1241 932 1297 ut
953 1236 981 1297 ri
1003 1234 1117 1297 defendi
1137 1241 1167 1297 et
1188 1235 1279 1313 repeti
1300 1238 1406 1314 possit„
1425 1234 1493 1299 Na-

313 1328 407 1390 tiones
420 1328 521 1407 igitur,
536 1346 605 1394 cnm
618 1331 780 1395 necessitas
794 1332 930 1409 imperat,
945 1332 982 1395 ad
998 1333 1104 1395 tuenda
1118 1333 1195 1407 iura,
1206 1333 1314 1410 quibus
1325 1341 1494 1408 ornantur,

312 1425 481 1490 facultatem
502 1430 612 1491 babent
631 1429 791 1493 adhibendi
813 1431 873 1491 vim
895 1437 924 1491 et
945 1446 1039 1503 arma,
1053 1432 1194 1494 adversus
1213 1431 1339 1495 nefarios
1354 1440 1491 1495 conatus

312 1524 435 1588 aliarum
457 1528 599 1605 gentium,
619 1545 637 1589 a
658 1528 768 1607 quibus
790 1529 887 1608 quoad
910 1530 1028 1607 propria
1049 1530 1114 1591 iura
1135 1528 1292 1592 laeduntur
1306 1536 1358 1592 aut
1371 1529 1492 1592 iniusta

313 1630 340 1691 vi
361 1628 555 1695 lacessuntur.
576 1629 622 1693 En
642 1631 690 1692 ius
710 1622 831 1709 gerendi
856 1630 984 1704 bellum;
1004 1629 1084 1710 quod
1110 1646 1213 1693 revera
1241 1630 1321 1693 aliud
1350 1646 1411 1693 non
1442 1638 1494 1693 est

310 1728 483 1806 quidquam,
504 1728 559 1789 nisi
581 1728 628 1789 ius
649 1744 681 1789 se
702 1744 815 1807 suaque
838 1728 937 1791 tuendi
957 1735 987 1791 et
1007 1743 1089 1791 arma
1111 1728 1202 1791 armis
1224 1728 1431 1805 propulsandi.

350 1822 415 1887 Hoc
430 1826 476 1885 ius
490 1826 658 1888 nationibus
671 1825 809 1904 denegari
823 1825 932 1904 nequit,
944 1825 1191 1903 quemadmodum
1207 1825 1376 1889 hominibus
1388 1826 1492 1887 etiam

312 1938 445 1985 seorsum
468 1924 600 2001 acceptis
621 1940 677 1987 non
699 1923 860 2003 denegatur
881 1922 1008 1987 facultas
1030 1923 1201 1987 defendendi
1217 1931 1280 1985 turn
1295 1940 1326 1986 sc
1339 1928 1399 1985 tum
1424 1940 1488 1984 sua

311 2021 350 2085 ab
370 2020 494 2083 aliorum
517 2019 663 2093 violentia,
684 2029 714 2083 et
735 2022 803 2085 mm
818 2022 856 2107 ri·
874 2021 1042 2099 repellendi.
1063 2019 1157 2084 Immo
1185 2022 1233 2083 ius
1246 2017 1390 2084 cusnani
1423 2010 1489 2097 pro

311 2117 479 2180 nationibus
500 2116 733 2195 long‘e‘ralidius
759 2118 938 2181 censendum
966 2127 1025 2193 est;
1047 2134 1103 2181 non
1134 2118 1220 2181 modo
1249 2126 1361 2197 propter
1391 2132 1494 2195 prae-

311 2215 452 2277 stantiam
473 2216 605 2293 corporis
627 2216 748 2293 politici,
761 2216 816 2279 sed
830 2217 919 2279 etiam
934 2219 1002 2295 quia
1017 2217 1054 2279 ad
1075 2218 1138 2280 eius
1152 2217 1321 2279 exercitium
1332 2214 1495 2279 Rectores

311 2316 463 2376 nationum
484 2329 570 2391 saepe
591 2330 627 2377 cx
647 2316 744 2377 officio
766 2322 908 2377 tenentur.
923 2312 1109 2393 Quamquam
1127 2315 1203 2377 enim
1227 2316 1339 2393 privata
1355 2328 1494 2391 persona

309 2510 367 2572 iuri
382 2509 554 2573 succedere
576 2510 697 2589 potest);
712 2510 789 2571 idem
809 2519 905 2573 tamen
919 2525 1005 2588 saepe
1020 2512 1101 2573 nefas
1116 2517 1161 2572 est
1177 2526 1318 2587 personae
1333 2510 1492 2587 publicae,

310 2622 387 2685 quae
408 2607 557 2672 societatis
578 2607 633 2670 sibi
655 2607 831 2671 commissae
846 2609 953 2671 bonum
968 2620 998 2671 et
1013 2610 1153 2671 honorem
1175 2610 1251 2670 tueri
1273 2608 1490 2687 adstringitur.

310 2702 397 2786 Huic,
409 2704 577 2783 obligationi
601 2720 724 2782 persona
744 2706 797 2768 illa
818 2706 942 2779 deesset,
964 2704 991 2767 si
1006 2706 1166 2779 societatis,
1178 2708 1225 2769 cui
1243 2706 1402 2785 praesidet,
1418 2708 1490 2771 iura

311 2803 429 2879 impune
449 2802 526 2865 laedi
547 2810 704 2882 pateretur.
719 2802 817 2866 Adeo
831 2804 923 2883 igitur
944 2804 1121 2867 defendenda
1135 2821 1181 2879 ac,
1195 2804 1220 2865 si
1237 2805 1346 2867 violata
1361 2806 1490 2881 fuerint,

314 2900 486 2963 vindicanda
508 2901 672 2980 obligatum
693 2917 822 2980 cumque
849 2903 879 2963 id
899 2904 1074 2981 quandoque
1102 2918 1158 2965 non
1187 2902 1243 2965 alia
1266 2904 1313 2965 via
1341 2906 1490 2983 consequi

313 2998 416 3076 possit,
430 2998 483 3058 nisi
506 2998 598 3060 armis
618 3008 649 3061 et
669 2998 708 3072 vi,
722 3000 761 3061 ad
781 3000 923 3062 eiusmodi
945 2999 1109 3063 adhibenda
1125 2999 1221 3061 media
1237 3000 1334 3064 officio
1350 3010 1492 3079 urgetur.

314 3117 331 3151 ‹
347 3092 422 3157 Cum
444 3111 514 3157 cura
531 3095 721 3173 reipublicae,
736 3100 778 3159 ait
799 3094 828 3159 S.
844 3095 984 3170 Thomas,
1005 3097 1165 3160 commissa
1179 3098 1219 3158 sit
1236 3097 1437 3176 principibus,
1452 3101 1489 3161 ad

313 3208 365 3256 eus
377 3194 502 3270 pertinet
512 3195 725 3271 rempublicam
737 3197 868 3259 civitatis
880 3196 926 3259 vel
937 3197 1018 3275 regni
1031 3212 1082 3258 sen
1098 3196 1266 3274 provinciae
1277 3197 1337 3259 sibi
1350 3198 1492 3261 subditae

314 3291 398 3353 tueri.
421 3289 461 3353 Et
480 3291 558 3353 sicut
578 3292 656 3354 licite
676 3293 834 3356 defendunt
848 3309 912 3355 eam
928 3294 1074 3356 materiali
1096 3295 1195 3373 gladio
1209 3302 1313 3376 eontra
1327 3295 1490 3359 interiores

315 3389 557 3466 perturbationes,
578 3390 649 3451 dum
670 3391 872 3455 malefactores
893 3392 1045 3469 puniunt...
1069 3394 1110 3454 ita
1132 3391 1220 3454 etiam
1249 3390 1351 3471 gladio
1379 3392 1490 3456 bellico

313 3488 350 3549 ad
372 3502 421 3549 eos
443 3488 568 3564 pertinet
588 3489 802 3566 rempublicam
825 3492 898 3553 tucri
921 3492 960 3553 ab
980 3490 1176 3553 exterioribus
1198 3491 1335 3553 hostibus
1350 3487 1404 3570 (2).
1421 3513 1442 3547 s

351 3582 399 3647 23.
423 3582 561 3653 Definitio
577 3582 646 3651 fusli
661 3582 745 3651 betti.
764 3584 813 3649 Sic
828 3596 982 3665 acceptum
998 3588 1119 3661 bellurn,
1134 3594 1221 3665 prout
1236 3587 1379 3651 nimirum
1401 3606 1420 3651 a
1445 3606 1491 3651 ra·

269 3723 271 3726 -
314 3683 388 3744 tione
409 3682 547 3756 dictatur,
570 3684 683 3746 definiri
697 3693 814 3763 posset:
830 3682 942 3747 Status
958 3685 1098 3747 nationis
1119 3703 1189 3747 com
1203 3682 1333 3746 notione
1352 3704 1412 3763 per
1428 3688 1490 3748 cim

311 3780 470 3853 certantis,
482 3782 590 3860 pretio
605 3780 712 3843 tuendi
725 3782 815 3843 iuris.
832 3780 948 3845 Dicitur
962 3784 1077 3856 stolus,
1092 3782 1162 3860 quia
1176 3782 1362 3845 orarationem
1378 3800 1488 3862 quam-

311 3875 378 3936 dam
399 3876 533 3950 includit‚
553 3894 606 3940 nec
626 3879 664 3940 ad
685 3878 830 3942 actualem
854 3887 967 3942 tantum
989 3880 1156 3943 conflictum
1172 3889 1326 3942 armorum
1345 3882 1488 3953 refertur,

311 3972 362 4033 sed
372 3973 410 4035 ad
422 3977 539 4051 tempus
551 3975 639 4036 etiam
651 3976 728 4053 quod
741 3992 868 4055 pugnam
882 3978 1030 4056 praecedit
1041 3985 1092 4041 aut
1104 3978 1249 4057 sequitur,
1261 3978 1355 4042 donec
1368 3979 1489 4043 hostilis

360 4199 394 4259 (l)
412 4203 509 4265 Sappio
526 4206 646 4253 teoretieo
662 4204 691 4255 ut
707 4210 822 4257 natural
836 4210 943 4264 diritto,
961 4209 1026 4259 Diss.
1043 4210 1089 4269 Vl,
1105 4225 1125 4260 c.
1142 4210 1166 4273 4,
1182 4226 1205 4260 a.
1223 4210 1246 4261 1.

358 4278 393 4339 (2)
411 4282 522 4331 Summa
539 4286 576 4334 th.
591 4284 620 4332 2⁸
635 4285 675 4332 2²⁰
692 4302 714 4350 q.
731 4288 784 4347 XL,
800 4306 822 4339 a.
840 4290 863 4338 l.
964 4338 965 4341 ,
