3159 4934
260 364 346 409 carun
363 364 399 407 uu.
417 366 453 408 ou
471 362 612 408 spolerano
630 364 907 417 nmrcrosn,ru1rr1nuu
925 364 1047 407 ecclesia
1184 350 1236 408 333

66 477 255 541 confunditur
275 481 438 542 auctoritas
453 490 574 556 paterna
596 496 663 543 oum
686 482 776 559 regia,
799 497 835 544 ex
857 498 890 544 eo
911 484 980 561 quia
1002 482 1079 544 idem
1095 483 1184 545 homo
1199 483 1239 545 sit

67 583 151 664 pater
170 585 201 638 et
221 593 283 640 rex.
298 578 388 641 Aliud
402 586 448 642 est
462 579 731 653 coniunctioque
747 580 886 643 confusio.
902 575 1019 658 Optime
1038 588 1164 658 possunt
1177 580 1237 644 duo

65 675 142 736 inter
163 690 196 736 se
217 676 364 755 coniungi,
383 678 456 754 quin
478 676 537 740 ullo
558 678 645 741 modo
665 677 889 751 confundantur,
907 686 940 740 ut
961 679 1071 740 accidit
1085 676 1121 740 de
1136 678 1236 740 anima

65 782 95 835 et
116 789 249 851 corpore,
263 776 422 853 quaelicet
443 778 473 839 io
487 776 589 839 eodem
603 775 721 839 homine
735 776 881 853 copulata,
896 785 994 839 tameo
1014 776 1155 839 distincta
1172 792 1239 853 per·

65 880 195 932 manent.
210 869 377 937 Periculum
388 881 487 936 antem
500 873 583 949 illud,
598 875 677 953 quod
689 876 772 937 timet
785 875 919 949 obiectio,
932 874 1069 937 nimirum
1085 890 1120 936 ne
1131 875 1238 953 religio

65 979 256 1033 convertatur
269 972 300 1033 in
315 972 541 1035 instrumentum
556 976 637 1051 scopi
654 972 774 1052 politici,
790 979 860 1036 tunc
876 972 1045 1046 haberetur,
1060 973 1085 1035 si
1101 971 1237 1037 Pontifex

66 1069 135 1132 ideo
154 1079 234 1132 esset
253 1067 385 1133 Pontifex
405 1071 475 1149 quia
495 1080 541 1135 est
555 1088 616 1133 rex.
632 1069 714 1134 Tunc
734 1071 811 1133 enim
834 1070 997 1133 auctoritas
1015 1071 1153 1149 religiosa
1168 1088 1240 1135 con.

64 1166 216 1243 ciperetur
238 1176 270 1230 ut
290 1168 460 1231 adiunctum
481 1170 631 1247 quoddam
653 1169 809 1247 potestatis
824 1168 969 1246 politicae,
987 1170 1234 1247 quemadmodum

65 1266 210 1344 contingit
231 1266 260 1327 in
281 1265 388 1346 Anglia
403 1277 433 1328 et
447 1264 566 1339 hassia,
581 1267 632 1329 ubi
647 1265 794 1343 princeps,
808 1266 876 1344 quia
893 1265 1029 1343 princeps
1044 1274 1101 1340 est,
1121 1268 1169 1328 ius
1187 1284 1236 1329 su·

65 1379 202 1441 promum
222 1364 252 1427 in
273 1364 412 1443 religione
437 1364 626 1442 temperanda
648 1363 705 1427 sibi
726 1372 852 1443 arrogat.
875 1364 923 1426 Ad
948 1378 1132 1445 nequaquam
1155 1366 1236 1445 viget

64 1470 200 1539 respectu
222 1460 348 1527 Romani
369 1460 531 1537 Pontificis,
552 1463 582 1524 in
602 1478 663 1541 qao
685 1478 730 1525 res
751 1462 900 1526 ricerersa
922 1477 953 1526 se
973 1462 1077 1525 babet:
1093 1463 1233 1527 nimirum

64 1558 209 1635 Pontifex,
230 1563 298 1639 quia
320 1570 365 1625 est
380 1560 524 1637 Pontifex,
544 1562 610 1624 ideo
629 1568 677 1623 est
696 1578 758 1623 ren.
779 1558 864 1625 Unde
886 1561 983 1638 potius
1004 1562 1083 1639 regia
1100 1570 1234 1640 potestas

64 1660 230 1735 coneipitur
251 1658 280 1721 in
300 1674 336 1722 eo
356 1667 391 1721 ut
410 1659 489 1732 talis,
509 1674 585 1738 quae
606 1666 747 1736 tanquam
768 1660 996 1721 instrumentum
1012 1658 1165 1737 religiosae
1181 1675 1233 1738 po·

65 1758 165 1818 testati
187 1757 342 1820 deserviat.
363 1755 397 1820 ld
419 1772 487 1820 vero
512 1772 568 1819 non
590 1764 821 1835 praeposterum,
844 1757 895 1819 sed
920 1757 1003 1818 iuxta
1024 1758 1155 1821 ordinem
1178 1776 1232 1821 oa·

63 1862 149 1916 turae
170 1861 224 1916 est.

110 1949 205 2014 Oblic.
229 1950 263 2015 V.
286 1950 424 2031 Princeps
445 1952 615 2031 temporalis
636 1953 726 2015 habet
745 1952 793 2015 ius
815 1953 893 2014 vitae
913 1959 943 2015 et
963 1954 1044 2016 necis
1066 1961 1161 2017 otest
1182 1972 1236 2017 su-

64 2065 185 2126 premus
198 2049 286 2111 iudex
300 2049 330 2111 in
351 2050 490 2113 societate
504 2050 599 2128 quoad
614 2067 721 2113 causas
736 2048 886 2128 capitales.
902 2048 936 2113 ld
952 2067 1019 2114 vero
1032 2051 1226 2132 incongruum

63 2155 109 2209 est
129 2155 162 2209 ut
182 2148 361 2210 attribuatur
382 2141 494 2211 Christi
516 2146 647 2212 Vicario.

106 2242 143 2307 R.
169 2242 306 2307 Concedo
325 2245 483 2319 maiorem,
503 2253 534 2309 et
553 2264 630 2325 nepo
651 2246 809 2309 minorem.

105 2335 193 2403 Nulla
214 2349 261 2404 est
282 2342 356 2405 ratio
370 2352 430 2405 ‘cur
451 2344 641 2421 incongruum
662 2343 780 2406 dicatur
801 2342 914 2407 Christi
936 2342 1156 2423 Vicario,quod
1171 2362 1228 2409 non

63 2443 257 2520 incongruum
279 2449 325 2502 est
344 2441 402 2518 ipsi
423 2438 556 2515 Christ03
576 2442 628 2519 qui
650 2450 729 2504 certe
749 2449 795 2505 est
825 2439 918 2505 iudeo
939 2442 1078 2504 uiuorum
1100 2446 1130 2505 et
1147 2458 1229 2507 mor·

64 2543 200 2613 tuorum,
221 2547 251 2601 et
270 2540 377 2617 impios
391 2538 420 2600 iu
442 2538 489 2600 die
509 2538 610 2601 iudicii
632 2539 783 2601 damnabit
804 2549 897 2603 morte
912 2550 1039 2613 aeterna,
1053 2556 1129 2618 quae
1143 2541 1231 2619 longe

62 2636 145 2715 peior
165 2644 212 2699 est
233 2642 324 2699 morte
345 2636 511 2715 temporali.
527 2633 621 2699 Poena
643 2637 750 2714 capitis
763 2637 793 2699 in
814 2645 963 2700 nocentem
985 2645 1032 2700 est
1045 2645 1131 2701 actus
1145 2639 1231 2701 iusti-

63 2738 137 2809 tiae;
151 2736 264 2799 iustitia
280 2743 388 2810 autem,
399 2745 433 2797 ut
447 2734 628 2798 nobilissima
643 2736 748 2809 virtuS,
758 2752 814 2799 non
825 2736 946 2799 dedecet
958 2733 1140 2808 Pontificem,
1153 2736 1231 2799 sicut

61 2849 121 2896 non
143 2832 262 2895 dedecet
277 2832 381 2910 Deum,
396 2834 482 2904 cuius
496 2834 586 2894 immo
606 2832 781 2901 attributum
802 2833 948 2911 quoddam
964 2842 1010 2895 est
1026 2834 1230 2911 praecipuum.

109 2929 202 2993 Obc'ic.
214 2928 265 2995 Vl.
278 2928 412 3013 Repiom
420 2928 525 3009 piacet
539 2932 585 2993 ius
598 2931 745 3010 quoddam
761 2940 808 2994 est
822 2932 1017 2994 necessarium
1032 2932 1061 2993 in
1077 2932 1231 2997 societate.

61 3028 141 3094 Nam
158 3032 320 3093 auctoritas
341 3030 477 3108 religiosa
491 3037 591 3108 posset
604 3029 715 3109 aliquid
730 3031 875 3107 imperare
889 3030 1025 3092 nocivum
1042 3032 1114 3095 bono
1131 3032 1233 3107 civili;

61 3143 98 3189 ac
119 3127 240 3206 proinde
254 3117 408 3207 antequam
430 3126 495 3190 eius
509 3128 592 3190 iussa
614 3128 842 3207 promulgentur,
855 3128 941 3190 debet
956 3129 1118 3191 auctoritas
1133 3129 1227 3192 ciuilis

61 3225 232 3288 examinare
252 3225 323 3305 quid
345 3226 521 3289 contineant.

104 3320 141 3386 R.
162 3320 253 3402 Nepo
273 3325 428 3386 assertum
447 3331 478 3386 et
498 3325 641 3385 rationem
661 3323 806 3386 additam.

103 3419 173 3483 Pari
187 3421 283 3498 modo,
295 3422 386 3484 immo
400 3420 618 3499 congruentius,
627 3421 695 3499 quis
708 3428 883 3499 argumento
898 3422 1057 3484 adversarii
1073 3422 1116 3483 uti
1132 3429 1232 3498 posset

59 3518 101 3582 ad
116 3518 357 3581 introducendum
367 3518 474 3597 placei
485 3517 690 3598 pontificium,
706 3528 841 3598 respectu
857 3520 955 3598 legum
970 3528 999 3580 et
1014 3518 1229 3581 ordinationum

60 3615 163 3679 civilis
175 3617 378 3693 magistratus.
394 3614 471 3679 Nam
486 3618 512 3679 is
527 3616 672 3693 imperare
694 3625 791 3694 posset
806 3617 916 3696 aliquid
932 3616 1069 3678 nocivum
1084 3615 1227 3693 religioni,

60 3729 99 3776 ac
121 3712 241 3790 proinde
254 3722 410 3792 antequam
432 3715 496 3777 eius
516 3714 595 3777 iussa
618 3714 849 3793 promulgentur,
864 3714 985 3776 deberet
1007 3715 1169 3776 auotoritas
1187 3729 1232 3776 re·

58 3811 170 3890 ligiosa
184 3812 351 3874 examinare
365 3812 437 3889 quid
457 3812 630 3875 contineant.
646 3810 740 3874 lmrno
760 3812 898 3891 quoniam
914 3812 1015 3874 civiles
1033 3812 1233 3875 ordinationes

58 3910 164 3972 iubere
178 3918 297 3986 possunt
318 3908 429 3989 aliquid
444 3909 581 3972 nocivum
596 3909 690 3971 ordini
712 3910 883 3983 domestico,
898 3911 1035 3972 omnibus
1052 3910 1232 3987 patribusfa-

58 4007 160 4069 milias
174 4006 392 4070 concedendum
407 4014 487 4069 esset
501 4004 608 4085 placet
619 4007 767 4083 quoddam
782 4005 990 4068 domesticum.
1006 4004 1116 4069 Nescio
1131 4018 1230 4069 utrum

57 4104 210 4167 arrideant
232 4103 393 4183 Regalistis
414 4104 582 4167 huiusmodi
603 4104 760 4177 illationes,
780 4120 857 4182 quae
880 4112 976 4167 tamen
997 4106 1161 4168 necessario
1185 4122 1232 4167 se·

56 4213 194 4281 quuntur
214 4217 251 4265 ex
271 4205 365 4265 forma
386 4202 589 4274 ratiocinandi,
604 4217 695 4279 quam
717 4201 869 4265 adhibent.

100 4298 287 4364 Possibilitas
306 4300 398 4379 igitur
418 4299 526 4363 erroris
546 4306 596 4361 aut
617 4298 728 4361 abusus
748 4315 805 4363 non
826 4300 953 4364 destruit
974 4301 1022 4363 ius
1043 4302 1231 4365 auctoritatis
