3159 4934
269 333 353 376 CAPUT
372 333 399 375 ll.
418 335 452 377 bu
471 333 634 378 ortuartobn
651 333 760 378 HUMANA
779 333 864 377 rubor
882 333 1031 376 oubtbarurt
1049 334 1075 375 ut
1093 334 1172 377 Fluunt
1269 321 1302 377 61

135 449 212 511 citer
231 450 342 510 turtum
358 449 408 510 sed
424 449 618 528 sacrilegium.
635 447 714 527 Ergo
728 448 836 510 laisum
855 454 910 521 est,
925 447 1053 525 speciem
1067 462 1183 524 semper
1197 449 1301 512 baberi

133 563 171 608 ex
192 547 308 610 obiecto
328 547 357 608 in
379 554 448 610 actu
468 548 581 610 morali.

175 641 212 707 R.
229 641 314 708 Dist
329 647 402 706 aot:
417 642 597 723 Quandoque
611 645 850 707 circumstantiae
864 643 1057 706 determinant
1070 643 1198 721 speciem
1214 651 1298 706 actus

136 742 265 817 moralis,
277 743 464 838 offitio
386 750 575 806 otranseunt
590 743 624 832 in
646 741 840 830 conditionem
861 740 978 817 obiecti,
998 757 1089 816 cono·
1103 739 1220 817 quando
1236 756 1301 802 rna·

133 847 205 902 nent
225 855 323 902 merae
343 826 595 914 circumstantiae
613 857 700 919 nepo.

174 937 299 1002 Evenire
319 947 415 1017 potest
429 947 462 1000 ut
476 939 724 1013 circumstantiae,
739 945 857 1026 propter
871 935 1047 1014 peculiarem
1070 936 1298 998 convenientiam

135 1037 185 1100 vel
196 1037 422 1114 discrepantiam
434 1039 473 1099 ab
487 1037 587 1100 ordine
602 1037 732 1109 rationis,
749 1036 870 1098 induant
886 1044 915 1097 et
929 1037 1011 1111 ipsae
1025 1034 1169 1096 rationem
1182 1034 1300 1106 obiecti,

132 1141 165 1196 et
186 1149 299 1212 novam,
321 1117 593 1212 specrelbivorsam,
615 1133 763 1196 adducant
784 1134 942 1196 bonitatem
958 1131 1003 1196 vel
1019 1132 1175 1195 malitiam.
1191 1129 1239 1194 Sic
1253 1140 1300 1194 est

132 1231 171 1292 de
191 1230 323 1308 exemplo
345 1233 482 1310 superios
496 1232 595 1306 allato;
621 1231 700 1310 quod
720 1247 775 1293 nou
798 1231 893 1294 solum
914 1237 960 1292 est
981 1232 1102 1308 turtum,
1119 1237 1240 1308 propter
1254 1245 1302 1291 ra·

131 1329 232 1407 pinam
253 1331 294 1391 rei
317 1329 439 1403 alienae,
459 1329 509 1391 sed
528 1329 617 1392 ctiam
633 1337 679 1392 est
694 1327 882 1406 sacrilegium
899 1335 1016 1406 propter
1031 1327 1087 1390 loci
1101 1328 1298 1405 sanctitatem,

131 1441 210 1504 quae
231 1425 364 1489 violatur.
386 1425 581 1530 Q⁰
602 1435 719 1488 manent
741 1441 838 1488 merae
858 1425 1109 1498 circumstantiae,
1131 1433 1165 1487 ut
1185 1425 1210 1485 si
1232 1425 1301 1502 onis

130 1525 247 1586 iuretur
269 1539 389 1602 parvam
403 1532 455 1586 ant
470 1540 605 1601 magnam
621 1525 679 1586 rim
696 1525 845 1602 pecuniae,
859 1539 916 1586 non
934 1532 1049 1585 mutant
1069 1524 1195 1599 speciem
1213 1532 1299 1585 actus

132 1621 266 1694 moralis,
294 1623 346 1684 sed
369 1630 481 1684 tautum
510 1622 574 1684 eius
595 1621 771 1700 gravitatem
797 1621 980 1698 amplificant
1003 1629 1055 1682 aut
1079 1622 1224 1693 minuunt,
1249 1631 1301 1682 aut

131 1718 222 1781 etiam
244 1718 463 1782 accidentaliter
484 1720 628 1781 abiciunt.

178 1813 270 1878 Obiic.
291 1815 342 1880 ΙΙΙ.
364 1814 437 1879 Cum
458 1817 605 1879 obiectum
625 1823 670 1878 est
691 1815 870 1889 indifferens,
886 1815 993 1892 poterit
1013 1815 1081 1893 quis
1102 1816 1215 1893 operari
1233 1830 1298 1893 pro·

129 1919 199 1990 pter
219 1913 317 1990 ipsum
332 1913 489 1992 obiectum,
504 1915 574 1991 quin
590 1913 669 1975 alind
684 1913 825 1976 intendat.
840 1912 873 1977 Io
887 1928 922 1976 eo
937 1929 1009 1975 casu
1025 1913 1112 1987 actio,
1128 1914 1217 1976 etiam
1233 1929 1302 1976 oon·

129 2018 213 2072 crete
235 2019 377 2088 spectata,
397 2011 453 2074 crit
473 2011 652 2074 indifferens.

172 2105 210 2171 R.
233 2105 322 2187 Nepo
341 2106 534 2171 antecedens.

174 2202 249 2267 Cum
270 2205 446 2282 principium
468 2213 588 2282 actuum
610 2208 804 2270 humanorum
827 2207 866 2269 sit
887 2208 973 2280 ratio,
993 2216 1022 2270 et
1043 2209 1118 2270 ratio
1137 2207 1298 2270 deliberata
1381 2211 1384 2214 ’

129 2311 258 2379 nequeat
279 2318 334 2365 non
355 2302 547 2380 praestituere
569 2303 626 2366 sibi
643 2304 672 2364 in
687 2304 833 2380 operando
854 2303 980 2382 aliquem
998 2307 1101 2378 tinem;
1117 2305 1298 2381 impossibiie

131 2405 182 2462 est
204 2408 235 2461 ut
256 2407 342 2461 actus
356 2401 504 2461 humanos
518 2398 676 2462 deliberato
692 2403 742 2462 tiat
763 2402 801 2463 ab
818 2402 949 2479 bomine,
970 2410 1090 2478 propter
1103 2402 1202 2479 ipsum
1219 2401 1298 2464 obie-

129 2505 212 2560 ctum
234 2497 410 2570 indifferens,
432 2497 511 2575 quod
533 2499 589 2560 hoo
610 2498 685 2575 ipso,
705 2498 783 2577 quod
805 2507 849 2560 est
870 2496 1045 2574 indifferens,
1066 2515 1121 2560 non
1142 2499 1236 2560 habet
1253 2515 1299 2560 ra·

127 2595 240 2658 tionem
264 2595 331 2656 finis
352 2595 403 2657 sed
424 2595 522 2657 medii.
545 2593 710 2671 Praeterea,
732 2596 910 2672 impossibile
929 2604 974 2656 est
996 2605 1026 2658 ut
1047 2605 1142 2667 actus,
1163 2605 1296 2658 concrete

128 2693 296 2769 inspectus,
311 2700 411 2755 carcat
423 2693 655 2775 circumstantiis
670 2692 818 2770 temporis,
839 2692 907 2765 loci,
923 2693 1011 2765 modi,
1027 2693 1255 2770 opportunitatis
1269 2702 1300 2756 et

128 2789 283 2867 similium,
306 2806 380 2868 qnae
402 2797 432 2852 ct
452 2791 534 2867 ipsae
558 2789 727 2867 plerumque
748 2791 874 2851 aderunt
895 2790 1054 2853 bonitatem
1077 2790 1121 2853 rel
1145 2789 1318 2864 maiitiam,-

127 2894 277 2966 quatcous
298 2903 439 2950 consonae
462 2889 521 2950 sint
542 2887 588 2949 rel
609 2887 744 2950 dissonae
759 2887 875 2949 rationi.
890 2885 1065 2966 Contingere
1081 2896 1178 2950 tamen
1201 2897 1298 2966 potest

126 2992 164 3048 ut
185 2984 253 3062 quis
273 2993 409 3062 operetur
430 2985 491 3046 sine
512 2983 719 3048 deliberatione
733 2991 762 3046 et
783 3001 852 3046 cum
874 2993 970 3047 mente
984 2984 1041 3047 alio
1055 2992 1186 3059 avocata,
1202 2992 1232 3047 et
1253 2987 1296 3048 sic
1351 3061 1354 3066 *

124 3090 230 3144 actum
251 3083 463 3146 indifferentem
484 3090 627 3145 exerceat.
643 3079 725 3144 Tunc
746 3089 832 3143 actus
846 3081 895 3144 ille
916 3097 971 3144 non
985 3082 1041 3144 erit
1054 3079 1222 3156 homones,
1246 3082 1296 3144 sed

125 3177 275 3256 hminis,
298 3190 329 3243 ut
350 3181 406 3242 dici
422 3181 509 3254 solet;
532 3196 568 3242 ac
585 3180 709 3266 proinde
730 3196 819 3242 casus
834 3180 890 3242 erit
909 3186 993 3242 entra
1011 3186 1191 3257 praesentem
1206 3196 1299 3258 quae·
1395 3197 1397 3201 ’

127 3278 264 3342 stionem.
287 3275 340 3360 flio
361 3278 437 3340 enim
459 3277 574 3356 agimus
594 3277 630 3340 de
651 3277 766 3339 actibus
787 3276 934 3354 humanis,
957 3293 1009 3339 sen
1031 3293 1067 3338 en
1089 3276 1296 3340 deliberatione

131 3375 398 3452 proficiscentibus.

519 3543 523 3550 ·
602 3507 768 3570 Anrrcuuus
795 3505 829 3571 V.

351 3638 400 3704 De
419 3640 661 3720 imputabiiiiaie
682 3642 840 3706 cetimum
859 3642 1078 3707 bumanorum.

171 3797 220 3861 54.
230 3796 302 3879 outo
318 3795 545 3882 inpotentius.
560 3801 778 3880 imputabiiitas
792 3803 900 3865 actioni
915 3806 1101 3882 competitor
1116 3819 1159 3878 eo,
1170 3802 1249 3881 quod
1259 3802 1297 3864 ad

109 3912 263 3971 causam,
287 3899 362 3960 unde
385 3897 524 3976 procedit,
540 3901 690 3963 reseratur.
712 3898 810 3974 Quare
831 3901 944 3963 deliniri
968 3910 1079 3979 potest:
1101 3899 1296 3979 Proprietas,

124 3995 161 4058 ci
181 3993 271 4056 cetius
291 3993 372 4057 aetio
393 3998 448 4057 oui
467 3996 597 4060 actionis
612 3997 736 4061 omissio
751 3999 858 4078 cepeoii
879 3994 1035 4074 imbuitur,
1052 4003 1211 4080 tamquam
1226 4018 1297 4063 vero

124 4091 251 4155 aociom'
270 4093 300 4153 et
319 4109 441 4154 cocsoe.
463 4089 503 4156 Ut
523 4098 612 4172 patet,
634 4102 694 4158 tota
709 4102 819 4172 quanta
833 4103 877 4157 est
893 4097 923 4158 in
938 4098 1051 4174 agentis
1072 4096 1209 4160 libertate
1229 4099 1297 4159 iun-

123 4187 365 4276 datacbgentia
381 4191 457 4252 enim
473 4191 636 4254 necessaria
651 4193 797 4254 habentur
812 4192 910 4268 potius
930 4202 963 4255 ut
983 4193 1188 4273 instrumenta,
1206 4210 1295 4273 quam
1327 4272 1330 4278 Ι

125 4296 162 4352 ut
191 4302 276 4350 reme
305 4303 420 4366 causae,
442 4297 576 4366 respectu
600 4289 735 4364 actionis
756 4290 795 4353 ad
823 4304 911 4367 quam
940 4293 977 4354 ab
1005 4292 1134 4357 Auctore
1162 4292 1296 4371 propriae

124 4391 253 4450 naturae
273 4385 512 4450 determinantur.
