3159 4934
440 348 525 392 11111
543 349 566 390 rr.
587 350 621 390 nn
638 349 780 392 11111111
797 349 876 391 111111
1189 337 1239 395 231

72 476 109 523 11
131 460 261 538 perlecto
281 459 432 524 bominum
453 461 601 524 consortio
622 461 764 540 exsurgit,
778 461 975 524 incommune
996 462 1103 526 bonum
1125 463 1242 542 conspi-

72 557 211 622 rantium
234 556 281 621 Ao
304 573 366 621 rem
387 557 515 622 Tullius:
539 579 557 616 e
572 555 646 620 Cum
668 556 726 621 boo
747 557 913 620 situatum
934 567 1089 621 1111111111
1109 559 1241 621 omnium

70 656 275 732 animantium,
291 664 324 718 ut
341 657 469 718 babeant
489 655 641 719 libidinem
663 655 846 735 procreandi,
861 655 956 733 prima
977 656 1104 719 societas
1124 655 1155 717 iu
1177 656 1244 734 ipso

71 753 211 832 coniugio
230 761 287 836 est,
303 753 435 832 proxima
455 753 486 816 in
499 753 611 826 liberis;
626 753 730 817 deinde
746 769 803 816 111
818 754 932 830 domos,
946 755 1113 817 communia
1135 756 1244 818 omnia.

71 851 144 918 lodo
163 859 262 914 nutem
286 858 333 914 est
352 851 530 929 principium
562 851 645 914 urbis
664 860 694 915 et
723 852 810 929 quasi
830 852 1021 914 seminarium
1055 851 1245 930 reipublicae.

40 959 44 968 ·
73 948 245 1030 sequautur
264 949 341 1014 enim
362 950 489 1012 fratrum
513 949 743 1024 coniunctiones,
763 945 834 1029 post
853 949 1094 1014 consobrinorum
1114 950 1245 1013 sobrino

73 1063 210 1128 rumpam
231 1049 283 1127 qui
304 1063 372 1112 cnm
395 1064 452 1111 111
472 1047 561 1112 domo
581 1047 640 1110 iam
660 1049 727 1126 capi
754 1048 957 1127 nonpossint,
979 1048 1009 1110 in
1033 1047 1108 1112 alias
1128 1048 1245 1122 domus,-

73 1157 224 1226 umquam
249 1147 279 1209 in
299 1146 438 1222 colonias,
458 1153 574 1210 exeunt.
596 1145 765 1226 Sequuntur
790 1146 936 1210 connubia
957 1157 988 1208 et
1007 1146 1177 1225 affinitates,
1205 1159 1245 1208 ox

72 1244 182 1324 quibus
202 1245 289 1307 etiam
312 1245 411 1323 plures
432 1244 603 1323 propinqum
617 1259 693 1324 quae
714 1243 889 1323 propagatio
908 1251 939 1306 et
959 1242 1075 1306 soboles
1097 1243 1179 1322 origo
1198 1252 1245 1306 cst

73 1342 362 1422 rerumpublicarum
377 1339 428 1422 (1).
444 1363 463 1399 »

113 1439 160 1506 En
180 1441 218 1502 ed
239 1440 340 1504 virum
361 1455 501 1518 expressa
521 1441 646 1518 genuina
660 1439 816 1502 civitatum
836 1449 865 1503 et
887 1439 1062 1519 populorum
1085 1439 1246 1517 generatio,

70 1553 152 1618 qnae
170 1552 227 1601 non
243 1537 341 1600 minus
355 1537 461 1601 rationi
474 1553 564 1616 quam
579 1537 719 1600 historiae
734 1536 898 1615 respondet
914 1535 946 1600 Si
965 1537 1042 1598 enim
1058 1544 1246 1598 monumenta

72 1642 244 1700 scrutamur
264 1636 452 1714 antiquarum
473 1643 504 1698 et
524 1635 781 1699 celeberrimarum
804 1635 953 1714 gentium
972 1649 1025 1696 cas
1047 1649 1102 1697 non
1128 1633 1247 1696 aliunde

73 1736 157 1800 initio
179 1743 265 1798 natas
279 1742 309 1798 et
322 1735 352 1798 iu
367 1735 538 1798 societatem
555 1733 703 1812 politicam
719 1733 866 1798 coaluisse
880 1733 1092 1811 comperimus,
1105 1749 1196 1813 quarn
1210 1749 1246 1796 11

72 1833 200 1897 alicuius
214 1833 339 1912 insignis
351 1832 479 1895 familiae
494 1833 661 1896 successiva
674 1833 894 1910 propagatione.
905 1829 1006 1906 Quare
1021 1839 1112 1910 patet,
1126 1830 1245 1921 ciuilem

72 1931 245 1996 societatem
266 1931 432 1994 naturalem
452 1930 604 2009 appellari,
624 1946 681 1993 non
702 1931 789 1994 modo
809 1929 878 2009 quia
900 1930 1030 1994 bominis
1052 1938 1177 1993 naturae
1195 1945 1247 2007 ap

73 2029 170 2107 prime
191 2036 341 2103 consonat,
356 2035 386 2092 et
399 2027 506 2107 omnia,
527 2029 651 2108 111111
673 2029 737 2106 ipso
757 2038 836 2102 sunt,
856 2028 894 2090 ad
917 2027 997 2091 illam
1019 2028 1176 2091 ineundam
1191 2028 1246 2090 im·

73 2126 186 2205 pellunt
195 2143 204 2202 ;
214 2141 315 2190 verum
330 2127 420 2189 etiam
434 2126 504 2205 quia
520 2126 560 2201 id,
574 2126 652 2203 quod
664 2127 740 2188 banc
753 2125 966 2190 ordinationem
976 2131 1007 2188 et
1020 2126 1245 2204 propensionem

72 2223 184 2303 explet,
199 2225 224 2286 si
239 2225 269 2285 in
284 2223 379 2302 primo
392 2237 446 2287 suo
458 2224 536 2286 ionte
551 2223 765 2297 consideretur,
778 2223 891 2286 iactum
905 2221 1024 2302 aliquod
1037 2222 1176 2286 naturale
1189 2227 1248 2295 est,

72 2337 180 2401 nempe
200 2322 353 2386 bominum
374 2328 404 2384 et
424 2321 603 2384 familiarum
625 2321 834 2400 multiplicatio
848 2335 901 2398 por
917 2321 1096 2399 coniugium.

458 2549 634 2617 Solvuntur
653 2550 867 2633 difficultates.

115 2711 163 2777 tt.
191 2709 287 2776 obito.
308 2711 330 2776 1.
353 2712 381 2775 A
402 2712 552 2776 voluntate
572 2712 767 2791 singularium
788 2713 972 2790 privatorum
994 2711 1102 2788 pendet
1120 2726 1157 2773 ne
1179 2725 1249 2772 suc·

73 2819 242 2875 crescentes
261 2811 390 2874 inmitiae
411 2810 468 2874 alic
488 2810 642 2874 discedant
655 2817 686 2874 et
699 2819 802 2873 mutuo
816 2815 998 2888 separentur.
1012 2806 1095 2888 Ergo
1108 2806 1246 2873 volontas

71 2916 131 2983 cst,
151 2925 226 2986 quae
246 2908 327 2972 civili
349 2909 486 2972 societati
508 2909 629 2988 praebet
649 2908 801 2988 originem.

115 3004 153 3071 R.
174 3005 259 3072 Diei.
285 3007 445 3070 11111111
470 3007 620 3070 uoluntate
648 3005 843 3086 singularium
870 3006 987 3084 pendet,
1006 3005 1102 3068 ordini
1123 3013 1247 3069 naturae

70 3106 304 3190 obtemperante,
325 3123 414 3181 coram
435 3107 552 3170 omniuo
573 3106 675 3185 libera,
697 3122 782 3185 nepo.

113 3201 147 3267 In
170 3204 274 3282 primis
287 3203 430 3266 eiusmodi
446 3203 581 3266 voluntas
602 3219 690 3281 saepe
703 3204 834 3266 officinm
849 3203 1001 3277 subaudit,
1017 3218 1086 3266 cum
1110 3202 1246 3264 videlicet
1298 3257 1301 3262 .

72 3301 186 3380 aliquid
204 3317 221 3363 1
242 3301 361 3364 familiis
381 3301 557 3383 obligatione
577 3308 699 3363 naturae
720 3301 900 3380 implendum
915 3309 1052 3380 apparet,
1068 3300 1149 3380 quod
1162 3307 1248 3362 extra

73 3397 256 3463 consortium
282 3398 369 3461 civile
393 3399 519 3462 obtineri
543 3405 676 3477 nequeat.
693 3395 803 3461 Deinde
823 3400 940 3462 etiamsi
955 3399 993 3462 ad
1011 3397 1246 3463 coniunctionem

73 3498 157 3561 illam
178 3497 359 3559 retinendam
384 3496 464 3558 nulla
489 3495 629 3574 obligatio
653 3496 860 3576 adstringeret,
887 3496 1080 3561 nibilominus
1103 3511 1160 3558 nou
1181 3494 1249 3557 inde

75 3595 242 3660 efficeretur
264 3603 296 3657 nt
318 3595 443 3658 societas
463 3594 528 3672 ipsa
548 3595 579 3657 in
599 3594 721 3657 laetitiis
742 3596 876 3658 habenda
898 3596 947 3657 sit.
966 3592 1112 3659 Voluntas
1126 3593 1204 3656 enim
1218 3594 1249 3656 in

74 3707 112 3756 eo
125 3706 196 3755 1111
218 3691 371 3756 interesset
391 3707 448 3754 uon
470 3691 508 3754 ad
529 3692 690 3755 creandum
710 3693 853 3768 ordinem,
875 3692 928 3755 sed
950 3708 1029 3755 mere
1053 3693 1092 3754 ad
1114 3691 1246 3754 ordinem

74 3788 211 3853 subiecto
231 3788 452 3868 applicandum
477 3789 555 3868 quod
576 3797 666 3864 certe,
693 3797 726 3852 ut
747 3793 876 3852 humano
898 3790 985 3853 modo
1004 3791 1070 3864 fiat,
1091 3789 1251 3854 uoluntatis

74 3903 251 3952 concursum
267 3885 399 3966 requirit.
411 3884 511 3949 Etiam
525 3887 564 3950 ad
575 3887 733 3950 ineundum
750 3887 920 3966 coniugium
932 3886 1071 3951 uoluntas
1081 3886 1250 3969 necessaria

74 3994 131 4052 est.
146 3983 225 4050 Num
240 3986 352 4051 ideirco
370 3985 540 4064 coniugium
554 3986 760 4050 connaturale
774 3985 828 4048 sed
845 3985 945 4062 generi
966 3985 1097 4049 humano
1119 3984 1250 4059 adventi·

76 4086 151 4152 tium
172 4084 276 4150 dices?
291 4081 382 4148 Aliud
402 4091 450 4148 est
470 4083 550 4163 quod
571 4082 707 4147 voluntas
719 4081 833 4160 aliquid
854 4081 966 4160 gignat,
979 4079 1058 4145 alind
1072 4083 1153 4160 qood
1173 4088 1251 4144 tam·

124 4299 162 4363 ll)
178 4299 217 4348 De
232 4298 334 4370 emglis,
351 4298 401 4355 ll,
417 4307 440 4346 11
456 4297 493 4345 ll,
