3159 4934
283 373 318 428 ib
801 348 940 430 ιιιιιιιι

282 501 332 562 sed
354 494 471 578 iniquae
491 501 580 562 etiam
602 515 667 562 esse
688 507 820 578 possunt.
836 497 915 578 Engo
930 516 986 562 non
1001 508 1071 563 sunt
1091 517 1232 578 suprema
1253 517 1355 563 norma
1369 503 1453 566 buni-

282 601 352 661 tatis
371 607 401 661 et
422 599 561 672 iustitiae,
584 598 635 660 sed
658 614 746 675 supra
769 598 953 661 seditionem
977 615 1109 661 normam
1130 599 1250 679 babent,
1274 601 1321 662 oui
1337 603 1454 664 coniur-

282 699 356 759 mani
378 698 493 770 debent,
516 704 548 758 ut
569 696 664 758 iustae
687 696 862 758 habeantur.

322 792 369 856 32.
392 793 568 857 Pnonosmm
590 791 631 856 3².
648 792 724 857 Note
745 794 845 856 omnis
866 795 1023 857 actionum
1046 792 1257 858 bumanorum
1285 794 1452 858 moralitas

277 891 392 971 pendet
413 911 433 953 a
454 889 552 954 libero
573 890 634 954 Det
655 891 824 954 oodotttote.
1038 948 1048 957 ,

321 989 408 1052 Prob.
430 989 562 1052 Plunium
594 991 740 1052 actionum
770 991 968 1052 humanarum
990 991 1143 1053 moralitas
1172 991 1366 1054 immutabilis
1394 999 1449 1054 est.
1493 1014 1500 1039 ι

269 1079 375 1166 ¹btqui
390 1089 468 1166 quod
482 1095 525 1150 est
539 1088 693 1161 eiusmodi,
708 1105 723 1150 a
738 1088 830 1150 libera
846 1087 901 1151 Dei
916 1088 1067 1151 voluntate
1088 1104 1144 1151 non
1166 1091 1285 1168 pendet;
1303 1089 1449 1167 siquidem

283 1187 356 1249 baee
378 1187 407 1248 in
428 1187 589 1259 effectibus
610 1201 684 1264 quos
707 1187 851 1265 producit,
872 1187 1052 1249 eontrarium
1072 1188 1169 1250 iuuene
1191 1189 1344 1264 potuisset.
1371 1185 1456 1265 Engo

283 1303 337 1348 non
352 1287 447 1349 omnis
462 1287 610 1348 actionum
626 1288 822 1347 humanarum
839 1285 991 1346 moralitas
1012 1286 1151 1362 pendete
1166 1285 1259 1346 libem
1273 1283 1329 1348 Dei
1350 1285 1455 1347 voiun-

279 1392 352 1446 tate.
374 1383 413 1448 Et
433 1400 502 1446 sane
523 1384 590 1462 quis
610 1391 656 1445 est
676 1400 692 1444 a
714 1385 826 1444 ratione
846 1383 889 1444 sie
910 1381 1031 1458 alienus,
1054 1391 1088 1443 ut
1108 1398 1164 1444 non
1186 1381 1293 1444 sentiat
1305 1381 1452 1443 insontem

282 1483 424 1557 occidere,
445 1499 502 1546 non
523 1498 641 1545 servare
662 1481 761 1554 fidem,
775 1488 912 1557 parentes
926 1489 978 1542 aut
993 1478 1087 1544 Deum
1109 1490 1304 1554 contemnere,
1319 1481 1366 1542 ius
1380 1480 1451 1543 alie-

282 1597 351 1643 num
373 1582 494 1660 eripere,
517 1581 613 1658 turpia
644 1595 709 1642 esse
740 1593 792 1654 pen
824 1596 868 1652 se,
889 1581 1038 1656 ntqneita
1060 1580 1144 1640 utin
1165 1579 1240 1665 bona
1272 1587 1300 1640 et
1328 1580 1452 1640 honesta

283 1679 458 1741 commutari
489 1695 549 1740 non·
578 1677 709 1754 possint?
733 1673 841 1738 Contra
873 1693 941 1739 veno
969 1676 1055 1738 alteri
1080 1677 1258 1749 benefacere,
1281 1676 1453 1754 parentibus

282 1779 494 1855 obtemperare,
515 1775 609 1839 Deum
630 1775 733 1852 colere,
756 1782 835 1836 stane
857 1777 960 1851 paetis3
981 1782 1011 1836 et
1031 1781 1128 1837 cetera
1157 1774 1298 1836 eiusmodi
1324 1775 1367 1836 ita
1388 1790 1453 1838 esse

283 1883 362 1937 mota
385 1883 413 1935 et
434 1876 565 1945 honesta,
582 1878 615 1934 ut
634 1873 664 1934 in
687 1888 776 1949 prava
792 1881 821 1934 et
836 1872 989 1934 inhonesta
1005 1873 1134 1935 conventi
1150 1888 1270 1950 prorsus
1284 1873 1452 1949 nequeant?

323 1969 433 2034 Deinde
447 1971 545 2032 divina
559 1971 697 2032 voluntas
720 1970 879 2033 bonitatem
896 1969 941 2032 vel
957 1970 1099 2032 malitium
1117 1969 1282 2032 actionibus
1296 1970 1486 2048 impartire
1486 1958 1521 2067 'p

281 2085 336 2132 non
359 2077 466 2146 posset,
481 2069 537 2131 nisi
551 2077 618 2132 ante
632 2078 839 2146 praesumatur
853 2069 961 2130 bonum
982 2083 1046 2130 esse
1067 2075 1097 2130 et
1117 2071 1271 2131 honestum
1291 2066 1353 2130 Deo
1367 2083 1530 2172 prae·Cen

280 2167 399 2244 oipienti
421 2182 530 2246 parere
552 2173 637 2242 turpe
658 2174 687 2228 et
707 2167 845 2228 iliieitum
867 2166 1017 2228 neiuotani.
1040 2163 1105 2228 Hoe
1131 2181 1187 2228 non
1216 2128 1520 2257 praesuppositofj?

281 2267 358 2331 aetio
378 2266 508 2328 manebit
528 2266 704 2338 indifferens
725 2266 815 2328 etiam
837 2273 905 2342 post
925 2264 1008 2328 Dei
1000 2281 1112 2327 mssum
1139 2264 1186 2326 vel
1213 2254 1518 2346 prohibitionem

282 2364 363 2444 Engo
375 2363 589 2426 Pudendoniius
600 2363 657 2426 sibi
672 2363 854 2426 contradicat
870 2378 989 2425 neeesse
1004 2369 1064 2435 est;
1079 2379 1147 2424 eum
1162 2370 1286 2440 nequeat
1300 2363 1529 2438 adstruere&

283 2464 412 2526 divinam
435 2462 615 2525 voluntatem
637 2470 670 2524 ut
691 2462 817 2539 primam
840 2461 968 2527 iadicem
990 2469 1020 2522 et
1040 2462 1148 2523 iontem
1171 2459 1357 2534 moralitatis,
1378 2461 1452 2537 quin

222 2543 226 2550 ’
283 2560 370 2622 simul
384 2563 519 2634 fateatur,
535 2557 646 2636 aliquid
663 2558 792 2634 reperiri,
808 2557 886 2635 quod
906 2565 973 2619 ante
990 2556 1114 2620 liberam
1128 2555 1183 2619 Dei
1199 2548 1380 2618 voluntatem
1395 2571 1453 2617 eeu

283 2657 390 2720 bonum
412 2665 464 2718 aut
484 2656 595 2718 malum
617 2656 657 2716 sit
677 2655 901 2730 admittendum.

322 2753 431 2828 Tertio,
446 2757 533 2818 bomo
553 2763 656 2816 natum
679 2770 732 2816 sua
753 2757 840 2815 finem
862 2754 990 2832 aliquem
1009 2753 1218 2831 praestitutum
1234 2754 1334 2815 habet.
1350 2745 1502 2830 Repu-d

284 2861 352 2932 gnat
366 2853 443 2914 ebim
458 2852 573 2914 divinae
584 2853 745 2929 sapientiae
758 2859 790 2912 ut
801 2869 850 2914 res
861 2853 979 2930 proprio
991 2854 1167 2925 bueconem,
1179 2860 1231 2914 aut
1242 2853 1329 2914 tinem
1342 2852 1454 2913 babeat

282 2965 352 3012 suae
365 2957 486 3012 naturae
500 2951 688 3012 eontrarium.
707 2947 782 3012 Cum
797 2951 888 3028 igitur
902 2951 951 3012 bio
966 2950 1034 3010 finis
1054 2948 1228 3011 naturaliter
1248 2949 1361 3012 homini
1382 2963 1455 3012 oon·

283 3048 393 3120 veniat;
416 3047 590 3108 naturaliter
616 3047 703 3108 etiam
725 3047 751 3108 ei
773 3049 907 3109 convenit
929 3063 960 3109 se
979 3047 1017 3108 ad
1041 3049 1128 3109 finem
1156 3047 1239 3108 ilium
1271 3061 1454 3124 promovere,

173 3172 177 3178 ·
283 3151 371 3222 atque
391 3160 425 3206 ea
447 3145 553 3206 sectari
567 3159 643 3223 quae
664 3145 703 3207 ad
722 3145 857 3207 eumdem
873 3144 1095 3221 adipiscendum
1117 3145 1228 3208 iuvant.
1243 3143 1318 3208 Tum
1334 3155 1455 3222 quoque

283 3244 456 3306 conveniens
478 3244 588 3305 bomini
609 3252 655 3304 est
676 3251 789 3306 eeteros
811 3245 968 3320 appetitus,
988 3244 1039 3320 qui
1059 3244 1122 3305 eius
1144 3243 1324 3305 voluntatem
1338 3244 1377 3304 ad
1392 3242 1454 3305 alia

283 3343 358 3405 bona
380 3338 432 3402 fini
456 3341 601 3403 eontnania
627 3340 788 3418 pelliciunt,
810 3342 983 3414 refraenare,
1004 3357 1111 3420 eosque
1132 3341 1307 3404 submittere
1328 3340 1455 3403 nationis

282 3437 414 3516 imperio.
436 3431 612 3515 Oppositum
634 3442 704 3499 veno
724 3439 849 3512 efficere,
870 3439 1075 3501 inconveniens
1095 3438 1208 3501 homini
1228 3454 1263 3501 ae
1289 3447 1375 3516 turpe
1394 3447 1455 3501 est.

283 3533 416 3612 inspecta
439 3533 531 3612 igitur
552 3543 655 3596 natura
676 3534 813 3608 hominis,
833 3535 931 3614 aliqua
954 3537 1185 3613 comperiuntur,
1201 3553 1277 3616 quae
1292 3538 1388 3600 eidem
1403 3553 1456 3600 ne-

282 3631 411 3695 cessario
432 3631 623 3703 conveniunt;
644 3631 700 3692 alia
722 3637 832 3706 autem,
851 3649 928 3710 quae
954 3636 1120 3696 neeessanin
1148 3633 1327 3712 discrepant.
1350 3633 1456 3698 Prima

283 3730 419 3792 dicuntur
441 3731 524 3807 bona,
545 3728 671 3790 secunda
694 3736 762 3792 vem
783 3729 870 3792 maia.
886 3728 951 3793 Non
972 3731 1095 3807 igituna
1113 3732 1204 3794 libem
1225 3732 1280 3796 Dei
1302 3732 1456 3796 uoluntate

283 3827 431 3904 multoque
452 3828 550 3888 minus
572 3827 610 3888 ab
631 3826 690 3889 ullo
710 3826 768 3888 aiio
789 3829 924 3889 mutabili
946 3829 1100 3906 principio,
1114 3831 1209 3892 omnis
1229 3831 1380 3894 actionum
1395 3831 1460 3893 hu-

251 3965 254 3972 ·
281 3939 434 3996 manarum
456 3924 570 3988 bouitas
591 3924 636 3985 vel
658 3924 779 3998 malitia,
800 3941 853 3986 seu
872 3926 1043 3987 earumdem
1065 3928 1229 4003 moralitas,
1248 3929 1366 4005 pendet.

320 4017 368 4083 33.
391 4019 565 4086 Pnoaosmo
588 4019 631 4084 4⁸.
657 4021 827 4100 Actionem
847 4019 1059 4086 bumanorum
1086 4025 1252 4089 moralitas
1276 4025 1460 4092 ineneedt‘ate

278 4115 392 4196 pendet
406 4115 444 4178 ob
458 4117 566 4182 ordine
579 4119 723 4182 ebz‘eete'oo
737 4119 1083 4199 aquampendentem
1096 4121 1305 4202 apprehenso;
1319 4123 1460 4190 mediate

197 4300 200 4304 Δ
281 4219 384 4278 oedem
404 4213 443 4278 ob
464 4216 571 4280 ordine
584 4215 707 4280 divinoe
721 4218 898 4296 sapientiae
911 4221 941 4280 et
955 4216 1113 4294 bonitatis,
1128 4239 1183 4282 seu
1196 4241 1218 4283 o
1232 4220 1298 4300 depe
1311 4226 1457 4284 aeterna.

321 4311 407 4378 Prob.
431 4315 525 4392 prima
548 4331 626 4392 pans.
650 4313 801 4394 Cuiusque
820 4317 897 4378 entis
919 4325 981 4377 tum
1004 4318 1097 4380 bonae
1118 4327 1169 4381 aut
1191 4321 1285 4384 maiae
1299 4329 1368 4384 sunt
1382 4306 1459 4400 ope·
