3159 4934
276 292 328 348 lib
559 306 602 348 ms
621 306 744 349 urrunnu
762 325 773 336 -
790 308 859 350 rrns
876 308 892 350 1.
911 306 953 350 rus
970 305 1139 351 meminoris

317 420 384 485 Duo
405 430 501 486 minen
529 421 579 485 hic
604 423 732 486 notanda
752 429 831 485 sunt.
852 418 1002 486 Primum:
1025 418 1066 485 Ut
1089 422 1138 484 ius
1157 427 1336 500 potestatem
1357 420 1450 484 iaciat

276 520 436 584 adhibendi
457 521 525 597 um,
547 535 584 584 ex
603 521 642 584 iis
662 535 727 584 esse
748 521 846 596 debet,
867 536 942 599 quae
963 520 1079 599 proprie
1099 527 1168 582 sunt
1191 520 1257 581 iura
1275 525 1305 582 et
1320 519 1452 598 perieeta

276 618 336 681 diei
357 618 459 682 solent.
479 616 561 682 Tunc
581 618 661 682 enim
681 618 838 681 dumtaxat
858 618 999 698 obligatio
1019 617 1142 681 alterius
1163 612 1214 679 bie
1233 620 1263 679 et
1284 633 1369 680 neoc
1388 616 1451 679 evi·

275 717 377 779 deuter
398 725 529 796 apparet.
552 713 674 790 Deinde,
696 713 841 780 Societate
861 717 1030 790 constituta,
1050 716 1133 778 nelas
1155 714 1329 793 plerumque
1348 721 1395 778 est
1416 721 1450 776 ut

276 815 321 876 vis
341 814 380 877 ad
401 815 558 878 tuendum
572 816 619 877 ius
635 816 673 878 ab
695 815 759 892 ipso
772 815 847 877 iuris
861 829 1033 892 possessore
1046 814 1239 887 adhibeatur;
1253 813 1306 876 sed
1325 812 1353 876 ei
1367 810 1450 877 actio

276 919 390 976 tantum
415 913 567 992 competit,
587 929 646 992 qua
668 913 746 992 apud
766 913 933 992 legitimum
955 913 1082 977 iudicem
1104 921 1242 991 reposcat
1261 913 1341 1002 quod
1361 928 1451 975 suum

275 1019 329 1073 est.
350 1009 383 1074 In
405 1011 545 1074 societate
566 1012 644 1074 enim
667 1011 810 1075 iudicium
834 1012 951 1086 efficax,
969 1012 1068 1091 quoad
1093 1019 1213 1075 mutuas
1237 1012 1348 1075 civium
1374 1010 1452 1074 rela-

276 1110 378 1183 tiones,
399 1109 512 1172 nonnisi
534 1109 667 1187 publicae
688 1109 875 1174 auctoritatis
896 1110 1046 1189 proprium
1067 1117 1124 1184 est,
1143 1109 1182 1173 ad
1203 1125 1294 1189 quam
1322 1109 1451 1189 pertinet

275 1207 440 1270 communis
461 1207 573 1270 ordinis
593 1207 737 1272 custodia.

318 1300 364 1366 13.
386 1300 520 1372 collisio.
543 1303 628 1378 Quod
654 1307 797 1369 maiorem
816 1305 1080 1370 considerationem
1108 1314 1238 1369 meretur
1265 1312 1311 1368 est
1337 1305 1451 1368 iurium

274 1402 475 1480 oppositorum
496 1400 616 1466 collisio.
633 1401 715 1467 Haeo
735 1417 823 1482 porro
843 1404 872 1466 iu
887 1403 1027 1467 condictu
1042 1404 1177 1467 consistit
1197 1403 1323 1466 duorum
1337 1402 1449 1466 lorium

275 1500 355 1564 circa
382 1500 515 1564 eamdem
543 1501 708 1575 materiam,
732 1516 809 1580 quae
835 1501 1008 1564 satisfacere
1034 1501 1180 1563 ambobus
1207 1509 1341 1580 nequeat.
1364 1499 1449 1564 Tunc

275 1613 394 1662 neeesse
408 1605 455 1661 est
466 1605 498 1661 ut
511 1613 601 1661 unum
616 1600 663 1661 ius
679 1598 857 1677 praevaleat,
867 1605 897 1662 et
911 1599 1038 1662 alterum
1053 1598 1149 1661 cedat.
1160 1595 1245 1671 Quod
1260 1614 1316 1661 non
1329 1598 1450 1677 perinde

275 1696 399 1776 intelligi
420 1697 517 1771 debet,
538 1697 624 1776 quasi
650 1712 751 1775 reapse
771 1698 836 1760 iura
858 1697 1005 1760 contraria
1027 1697 1065 1760 ad
1087 1696 1302 1775 confligendum
1323 1712 1451 1761 concur·

274 1803 350 1858 rant.
371 1794 405 1858 id
426 1794 503 1859 eninr
525 1793 609 1873 plane
634 1802 792 1873 repugnat;
816 1807 885 1859 cum
914 1797 1001 1870 ratio,
1021 1811 1037 1856 a
1059 1809 1117 1873 qua
1146 1797 1193 1856 ius
1221 1794 1364 1873 procedit,
1387 1795 1446 1858 sibi

274 1893 425 1956 adversari
449 1907 506 1955 non
531 1892 634 1970 possit.
656 1890 725 1966 Sed,
746 1893 868 1956 adrem
889 1893 968 1972 quod
981 1894 1096 1966 attinet,
1113 1892 1160 1954 ius
1179 1891 1259 1970 quod
1283 1891 1448 1969 colliditur,

274 1991 320 2053 ius
334 2005 390 2052 non
405 1997 463 2065 est;
476 1991 615 2070 quamvis
636 1989 710 2053 lalso
731 1990 822 2053 veluti
843 1991 891 2052 ius
912 1989 1081 2053 obiiciatur.
1099 1987 1148 2052 Sic
1163 2004 1208 2052 ex.
1223 2006 1268 2068 gr.
1285 1989 1446 2068 siquando

274 2089 321 2151 ius
341 2088 485 2162 divinum,
514 2087 626 2168 aliquid
649 2088 816 2165 prohibens,
838 2104 969 2166 pugnare
989 2088 1105 2150 videtur
1127 2103 1195 2149 cum
1218 2087 1281 2150 iure
1306 2089 1450 2161 humano,

273 2187 352 2266 quod
373 2186 448 2250 lorte
467 2187 647 2249 contrarium
669 2185 785 2259 iubeat;
801 2201 899 2264 pugna
916 2185 966 2247 illa
988 2185 1186 2262 specietenus
1208 2190 1323 2247 mutum
1337 2192 1449 2248 exstat.

274 2283 388 2348 Revera
415 2284 493 2346 enim
517 2285 547 2346 in
572 2301 606 2348 eo
630 2301 703 2348 casu
729 2300 784 2347 non
806 2283 853 2344 ius
873 2284 926 2346 sed
946 2283 1103 2345 arbitrium
1129 2283 1286 2346 dumtaxat
1306 2282 1449 2355 bominis,

274 2384 303 2446 vi
325 2398 446 2462 prorsus
468 2383 655 2458 destitutum,
676 2381 833 2461 imperium
855 2381 912 2444 sibi
938 2389 1073 2460 arrogat;
1095 2379 1241 2460 siquidem
1262 2379 1366 2459 nequit
1379 2395 1449 2444 esse

273 2483 395 2544 elieotus
424 2495 512 2543 verae
538 2481 722 2544 auctoritatis
742 2480 781 2558 id,
803 2478 882 2558 quod
909 2479 981 2542 lonti
1006 2478 1138 2542 omnium
1168 2479 1379 2542 auctoritatum
1402 2493 1450 2541 re·

274 2578 413 2642 luctatur.
434 2576 519 2643 Unde
549 2579 657 2642 iurium
686 2577 799 2643 collisio
828 2593 933 2656 reapse
957 2577 1033 2639 nibil
1059 2583 1107 2640 est
1134 2575 1224 2654 aliud,
1253 2576 1310 2638 nisi
1336 2575 1448 2638 iurium

275 2677 494 2750 subordinatio;
508 2692 592 2756 quae,
615 2685 649 2739 ut
668 2682 903 2756 repraesentetur
923 2675 979 2736 sub
1000 2674 1133 2736 sensibili
1154 2673 1259 2746 forma,
1280 2673 1447 2753 concipitur

275 2781 427 2852 tamquam
442 2781 544 2838 mutua
558 2775 702 2855 quaedam
718 2790 826 2853 pugna,
841 2789 997 2852 perquam
1017 2772 1058 2847 id,
1073 2773 1154 2852 quod
1170 2772 1368 2850 praestantius
1389 2779 1447 2845 est,

274 2871 402 2935 inleriori
423 2871 606 2950 praevaleam
622 2871 812 2935 similitudine
825 2877 942 2950 sumpta
965 2889 982 2933 a
1003 2887 1036 2934 re
1057 2869 1241 2944 mechanica,
1254 2869 1284 2930 in
1298 2884 1358 2947 qua
1372 2867 1449 2931 dua·

274 2985 341 3032 rum
362 2972 560 3048 oppositarum
583 2971 688 3034 virium
710 2969 908 3049 inaequalium
928 2969 991 3043 iila,
1005 2984 1081 3048 quae
1103 2968 1244 3031 intensior
1263 2975 1320 3040 est,
1340 2966 1447 3029 remis-

274 3070 380 3131 siorem
401 3068 493 3133 elidit.
515 3066 556 3133 Ut
576 3077 676 3132 autem
697 3069 854 3133 deliniatur
875 3070 1023 3149 quoduam
1045 3070 1093 3131 ius
1114 3071 1154 3131 sit
1177 3070 1386 3148 praestantius,
1407 3068 1446 3131 ad

273 3165 405 3231 ordinem
433 3175 555 3230 naturae
583 3168 761 3231 advertenda
785 3174 832 3230 est
859 3168 1007 3247 cogitatio.
1022 3165 1108 3240 Quod
1136 3167 1213 3230 enim
1242 3166 1337 3245 magis
1358 3167 1389 3227 iu
1409 3181 1446 3229 eo

274 3265 375 3329 ordine
403 3264 537 3328 altiorem
564 3264 661 3329 locunn
688 3273 823 3345 occupat,
852 3248 1059 3344 praestabilius
1087 3272 1134 3329 est
1162 3274 1192 3328 et
1218 3263 1381 3337 efficacius,
1408 3280 1445 3327 ac

273 3363 395 3442 proinde
416 3363 445 3426 in
467 3363 616 3427 collisione
635 3363 797 3441 superabit.

315 3461 361 3526 14.
384 3457 542 3527 limitatio.
564 3459 642 3526 iuris
664 3460 802 3525 limitatio
827 3469 874 3524 est
901 3461 1108 3525 determinatio
1136 3461 1338 3536 confiniorum,
1359 3469 1446 3526 extra

270 3577 348 3640 quae
369 3561 489 3639 evagari
511 3561 559 3622 ius
579 3559 690 3638 nequit.
711 3557 794 3622 Haeo
816 3575 883 3623 vero
905 3559 1111 3623 determinatio
1132 3559 1289 3623 iudicanda
1312 3564 1358 3622 est
1380 3567 1446 3622 tum

272 3675 308 3721 ex
332 3666 438 3721 natura
462 3657 579 3731 obiecti,
603 3657 681 3720 eirea
707 3656 785 3735 quod
810 3657 857 3719 ius
880 3665 1025 3732 versatur,
1047 3665 1111 3720 tum
1135 3673 1172 3720 ex
1195 3658 1312 3732 officiis,
1331 3657 1444 3737 quibus
1493 3719 1504 3743 ,

272 3756 437 3820 subiectum
463 3755 665 3834 adstringitur.
688 3753 784 3818 Homo
812 3756 890 3819 euim
917 3755 947 3819 in
976 3763 1090 3819 tautum
1119 3755 1233 3818 iuribus
1261 3762 1393 3829 ornatur,
1414 3755 1445 3818 in
1460 3717 1513 3840 A}

271 3863 413 3934 quantum
429 3858 517 3919 finem
531 3855 659 3934 aliquem
679 3855 798 3934 assequi
819 3856 915 3929 debet,
936 3855 974 3917 ad
996 3870 1084 3933 quem
1100 3862 1180 3918 oerta
1198 3853 1331 3931 operatio
1351 3862 1444 3933 atque
1493 3843 1498 3850 ⁸

272 3971 358 4043 usus·
367 3970 465 4017 rerum
479 3953 682 4018 nonnullarum
696 3954 882 4017 necessarius
896 3960 953 4027 est,
967 3952 1014 4015 vel
1029 3951 1135 4015 saltem
1149 3959 1341 4030 opportunus.
1357 3949 1446 4024 Quod

272 4051 362 4129 igitur
383 4066 439 4115 nou
460 4053 617 4132 respondet
637 4053 698 4127 tini,
712 4052 791 4116 nullo
807 4053 893 4116 modo
906 4051 1021 4115 ambitu
1037 4051 1148 4114 iunium
1163 4052 1337 4114 continetur.
1353 4048 1444 4115 Prae·
1469 4025 1541 4128 Q}-

271 4160 361 4224 terea,
382 4151 470 4215 homo
499 4158 584 4228 prout
612 4152 700 4214 finem
728 4157 853 4232 spectat,
873 4149 978 4213 officiis
1005 4150 1211 4228 adstringitur,
1231 4149 1340 4228 quibus
1366 4150 1446 4214 solvi
1534 4141 1543 4164 ²

271 4249 379 4328 nequit.
395 4247 476 4328 Ergo
490 4249 586 4312 officia
601 4251 630 4310 in
645 4249 762 4311 bomine
777 4247 918 4310 terminos
931 4246 1076 4326 quosdam
1088 4246 1238 4326 exhibent
1253 4263 1328 4327 quos
1343 4255 1447 4312 trans·
