3159 4934
412 292 496 336 oaeur
514 293 540 334 ιι.
559 293 593 334 nn
610 293 751 336 sucturum
768 291 847 336 eruum
1157 279 1212 337 285

40 426 72 470 ιιι
95 409 210 472 iuribus
237 408 408 481 definiendis
427 424 502 488 quae
522 407 621 472 collidi
641 409 715 471 lorte
736 408 888 482 videntur3
921 408 993 471 vel'
985 425 1015 470 ιιι
1036 409 1209 474 criminibus

40 507 245 570 diiudicandis
272 505 313 570 ct
316 491 516 596 conveniente
540 521 630 584 poena
652 505 822 568 multandis.
843 503 945 568 Tutela
966 506 1061 572 enim
1068 507 1207 581 iustitiae,

38 621 119 682 quae
149 606 370 674 tundamentum
392 612 438 668 est
458 604 616 677 societatis,
637 605 836 681 maximopere
856 604 895 666 ad
915 604 1122 668 auctoritatem
1145 621 1212 683 per·

39 699 136 777 tinel3
151 703 187 767 ad
210 719 276 766 carn
297 713 395 766 autern
416 691 581 766 habendam
602 710 760 781 utrumqne
784 702 957 782 requiritur:
984 718 1088 787 nempe
1110 711 1140 766 ut
1162 705 1210 767 ins

39 817 145 864 verum
161 801 312 880 apparenti
327 811 356 864 et
371 801 467 862 maius
488 800 593 864 minori
613 801 796 878 praevaleat;
818 801 921 864 deinde
942 810 976 866 ut
990 803 1035 863 ins
1048 804 1087 865 ab
1100 785 1207 864 iniuria

37 899 214 962 defendatur
215 898 327 978 ,idque
342 897 444 963 sociali
458 913 512 975 ope
525 904 554 960 et
569 897 670 962 sociali
691 898 808 962 iudicio.
824 896 854 961 Si
870 899 997 976 primurn
1015 901 1059 978 ut,
1077 907 1209 978 potestas

37 997 198 1060 iudiciaria
218 995 330 1074 ciuilis,
345 1013 370 1058 st
361 995 520 1070 alterum,
534 994 706 1060 criminalis
727 997 863 1107 habetur:
884 994 928 1060 De
948 1004 1077 1075 utraque
1091 997 1205 1075 aliquid

38 1095 218 1158 delibemus

85 1189 136 1257 92.
153 1190 194 1258 lle
210 1187 319 1258 iudicio
340 1187 433 1262 civili.
454 1189 599 1265 Maximae
618 1192 802 1256 necessitatis
822 1193 851 1254 in
873 1193 1013 1258 societate
1027 1202 1072 1257 est
1092 1201 1125 1258 ut
1139 1194 1206 1257 inra

37 1291 154 1354 cisium
180 1296 260 1351 sarta
283 1297 360 1353 tecta
381 1297 543 1364 serventur,
563 1296 651 1368 atque
670 1289 709 1352 ab
730 1290 853 1352 aliorum
867 1292 1081 1368 oppugnatione
1107 1292 1205 1355 deien-

36 1389 158 1450 dantur.
174 1385 251 1452 Hinc
267 1388 417 1450 manifeste
438 1388 635 1466 consequitur,
652 1387 808 1466 potestatis
825 1387 997 1452 iudiciariae
1012 1389 1110 1452 civilis
1125 1404 1212 1453 exer·

36 1487 144 1549 citium
168 1485 219 1548 tali
240 1483 443 1548 instruendum
460 1501 524 1549 esse
539 1487 716 1565 organismo,
736 1495 769 1548 ut
789 1487 827 1547 ad
848 1502 914 1549 eam
934 1487 1028 1550 tacitis
1042 1488 1141 1550 aditus
1156 1505 1208 1567 pa·

38 1585 133 1657 tefiat,
160 1599 250 1662 utque
275 1583 416 1646 iudicium
441 1583 479 1646 ab
500 1583 565 1661 ipsa
588 1583 801 1660 proterendum,
827 1583 925 1662 quoad
952 1585 1016 1646 lieri
1043 1593 1150 1664 potest,
1171 1588 1211 1650 ab

36 1696 139 1744 errore
160 1681 201 1744 sit
232 1697 368 1754 vacnum,
395 1690 425 1744 et
456 1681 629 1744 brevissimo
660 1689 789 1760 tempore
819 1681 996 1757 obtineatur,
1024 1699 1060 1746 ac
1085 1684 1206 1749 minimo

36 1779 130 1842 etiam
145 1779 251 1842 damno
273 1781 376 1857 partis,
390 1794 465 1858 quae
485 1780 661 1842 succumbit.
677 1777 809 1852 Quarum
830 1779 1029 1843 conditionum
1045 1783 1209 1846 necessitas
1227 1787 1365 1896 ιιι
1390 1822 1459 1874 a
1471 1821 1521 1875 ,3

36 1877 113 1940 adeo
143 1891 194 1954 per
215 1892 247 1938 se
275 1884 365 1955 patet,
390 1883 423 1938 ut
451 1877 549 1940 verbis
577 1875 720 1939 declarari
747 1891 804 1940 non
824 1883 919 1955 egeat.
941 1876 1016 1952 Quis
1044 1879 1121 1940 enim
1150 1896 1209 1942 non
1293 1826 1399 2008 ΨΚ

36 1975 133 2046 videt
154 1989 257 2052 parurn
273 1975 347 2037 bono
361 1973 472 2038 civium
488 1974 625 2052 prospici,
639 1975 664 2036 si
689 1974 761 2038 aden
781 1974 1006 2038 difficultatibus
1026 1976 1237 2040 obvolvatur
1249 1989 1308 2020 -ι
1359 1954 1439 2010 Κ
1347 1966 1528 2088 §ng

37 2071 199 2151 potestatis
220 2087 372 2146 accessum
393 2079 424 2134 ut
445 2071 524 2134 cives
526 2072 719 2150 ,praesertim
739 2072 764 2133 si
786 2072 824 2134 ad
844 2073 977 2136 infimam
1002 2074 1130 2138 classem
1152 2075 1231 2160 so·‘,‘
1366 2058 1433 2146 ᾆξ’
1450 2104 1504 2152 ,·
1502 2130 1518 2166 a

36 2169 159 2233 nictatis
184 2169 337 2248 pertinent,
358 2171 396 2233 ab
416 2185 451 2232 ea
470 2169 651 2248 imploranda
681 2171 929 2248 praepediantur?
954 2170 1017 2235 Aut
1043 2173 1115 2250 quid
1136 2189 1264 2274 pro·

36 2268 314 2332 deritauctoritatis
334 2268 430 2346 ipsius
451 2268 608 2346 implorare
628 2267 778 2342 iudicium,
792 2269 817 2329 si
832 2269 889 2332 boc
910 2278 1019 2335 temere
1041 2236 1278 2347 proteratur
1297 2248 1305 2266 ’

35 2376 93 2429 aut
114 2367 181 2428 ab
174 2367 212 2427 ris
238 2367 417 2440 hominibus,
438 2366 489 2445 qui
510 2368 573 2428 iura
594 2367 690 2428 omnia
720 2381 772 2427 sus
793 2365 887 2443 deque
912 2369 1052 2429 vertunt?
1074 2368 1123 2430 Ad
1143 2369 1206 2431 hoc

35 2465 215 2538 cavendum,
237 2473 433 2542 opportunum
461 2472 506 2526 est
529 2471 560 2525 ut
584 2463 702 2525 ferenda
731 2464 876 2534 sententia
900 2480 989 2543 penes
1017 2464 1170 2566 plnres
1148 2474 1208 2528 stet
1171 2435 1248 2550 ,i

34 2539 171 2635 iudicem
193 2578 268 2624 unus
289 2561 366 2624 enim
387 2560 471 2624 iacile
485 2560 581 2638 decipi
601 2567 654 2623 aut
671 2562 819 2638 corrumpi
841 2569 945 2641 potest,
966 2570 1017 2624 ant
1037 2553 1201 2627 amicornm

34 2631 298 2726 solii'itatlnnibus
325 2660 511 2724 commoveri
540 2657 614 2724 Tum
639 2663 728 2722 etiarn
757 2661 922 2754 anquiritur
949 2669 981 2730 ut
1007 2661 1132 2724 lacnltas
1153 2664 1245 2754 ιιι-,3,

34 2761 149 2822 buatur
163 2758 328 2836 appellandi
343 2757 381 2820 ad
401 2757 504 2823 altiora
521 2737 687 2835 tribunalia,
708 2758 744 2820 de
765 2772 890 2834 quorum
910 2759 1031 2821 scientia
1050 2768 1080 2854 et
1101 2731 1262 2838 aequi-“5

34 2863 102 2918 tate
118 2855 210 2920 maior
223 2858 263 2918 sit
267 2855 474 2944 probabilitas.
490 2851 554 2929 Qua
576 2861 671 2916 tamen
687 2855 762 2917 inre
784 2856 888 2918 modus
906 2856 995 2917 etiarn
1015 2844 1079 2918 esse
1092 2857 1208 2932 debet,

36 2941 194 3032 siquidem
201 2937 376 3016 immodica
408 2952 573 3030 appellandi
606 2951 723 3014 licentia
759 2953 850 3014 tricas
880 2954 1011 3030 gigneret
1042 2963 1072 3015 ct
1102 2953 1206 3032 longas

35 3051 190 3128 ambages,
211 3050 336 3129 litesque
363 3051 425 3114 sine
446 3051 503 3115 sune
525 3051 726 3128 protraheret;
748 3066 825 3128 quas
846 3049 944 3127 potius
969 3051 1050 3113 brevi
1072 3058 1260 3140 temporeo,

35 3149 188 3222 dirimere,
200 3157 424 3212 consentaneum
437 3155 467 3212 et
483 3148 553 3211 utilc
567 3147 744 3228 reipublicae
757 3155 813 3210 est.
822 3145 917 3211 Valde
930 3147 1008 3210 enim
1022 3148 1061 3211 ad
1076 3148 1201 3210 tutelam
1232 3156 1255 3197 d

35 3246 300 3334 inriqrpiptprest,
324 3255 357 3308 ut
378 3247 429 3309 din
451 3262 518 3309 vera
540 3246 604 3307 iura
629 3246 736 3308 ellectu
757 3259 812 3308 non
834 3253 962 3319 careant,
983 3261 1037 3308 nec
1062 3261 1207 3326 expensae

36 3347 67 3406 in
85 3329 446 3422 immensum‘augeantur,
460 3331 573 3422 'magna
590 3343 741 3421 utriusque
762 3343 856 3421 partis
878 3343 1013 3421 pernicie.
1036 3341 1133 3405 Media
1154 3360 1208 3405 au·
1243 3394 1264 3428 a.

36 3452 98 3505 tem
120 3443 230 3520 quibus
251 3443 324 3504 baec
345 3442 497 3504 commoda
519 3441 642 3504 obtineri
664 3441 775 3519 possint
796 3457 851 3503 non
872 3441 1068 3513 declaramus,
1089 3456 1156 3503 cnm
1176 3441 1207 3501 id
1240 3430 1263 3482 'tt

34 3539 213 3603 iuvenilium
234 3537 450 3603 Institutionum
474 3539 646 3601 brevitatem
667 3539 802 3602 excedat.

79 3633 130 3699 93.
145 3634 188 3700 lie
209 3632 316 3702 iudicio
338 3631 498 3702 criminali.
515 3635 563 3698 Ad
584 3635 727 3700 indicium
741 3636 892 3699 criminale
909 3635 986 3713 qnod
1009 3635 1123 3708 attinet,
1141 3651 1208 3713 pro-

32 3737 117 3799 iecto
146 3735 254 3796 crimen
275 3749 342 3796 curn
370 3733 527 3796 sit'civilis
557 3734 668 3797 ordinis
688 3734 882 3813 perturbati03
903 3735 970 3795 eius
998 3733 1149 3810 inquisitio
1177 3741 1208 3794 et

31 3831 195 3910 castigatio
208 3831 386 3905 auctoritati,
400 3847 475 3910 quae
497 3832 566 3897 buic
587 3831 682 3895 ordini
702 3832 845 3895 servando
865 3830 1016 3909 advigilat,
1031 3846 1120 3892 curae
1142 3846 1206 3894 esse

32 3933 133 3996 debet.
145 3929 244 4010 Atque
264 3930 294 3992 id
309 3929 469 4008 requiritur
484 3937 546 3992 tum
568 3931 607 3992 ad
627 3929 845 4006 impediendum
859 3945 895 3991 ne
915 3929 1026 3990 crimen
1042 3934 1205 4015 repetatur,

33 4039 100 4093 tnm
122 4027 250 4090 maxime
269 4028 308 4090 ad
329 4029 544 4105 proportionem
565 4027 695 4090 iustitiae
719 4026 952 4091 consectandam.
969 4021 1099 4090 Debitus
1126 4028 1206 4088 enirn

31 4127 108 4191 ordo
130 4133 193 4188 tum
214 4125 432 4198 labrinacum
454 4139 501 4188 res
522 4125 551 4186 in
573 4124 759 4204 proportione
780 4124 985 4202 disponuntur,
999 4139 1087 4202 quam
1104 4140 1207 4188 aarum

29 4231 141 4287 natura
157 4223 296 4302 postulat.
309 4219 414 4286 Debita
427 4231 526 4286 autem
542 4223 690 4301 proportio
705 4223 779 4285 inter
793 4229 893 4284 actum
903 4224 1065 4286 humanum
1082 4222 1207 4301 eiusque
