3159 4934
419 282 547 325 3313111.
566 284 599 326 nn
618 283 758 327 socrnrnrn
776 285 855 326 crvrm
1169 272 1226 330 abb

51 392 148 456 blicae
169 393 365 472 gubernaculo
384 410 493 470 arcere,
510 396 651 476 sutfragia
667 398 695 460 in
716 399 845 462 comitiis
860 400 983 478 pecunia
1000 408 1053 463 aut
1068 401 1226 479 promissis

48 505 160 564 emere,
179 490 340 554 calliditate
360 499 390 555 et
410 493 564 556 fraudibus
590 510 748 574 procurare
770 503 803 558 ut
827 496 906 575 leges
929 498 1061 560 terantur
1089 498 1226 576 publicae

49 588 186 663 utilitati,
201 587 344 668 Religioni
359 598 390 653 et
410 591 542 654 moribus
556 592 692 655 intensae.
707 591 860 670 Sapienter
873 591 1071 672 Taparcllins:
1087 592 1141 658 «11
1156 610 1226 658 1313

50 687 201 764 principio
215 687 245 748 di
267 687 412 751 sicurezza
432 689 479 752 dei
500 690 607 768 populi,
628 689 692 753 313
714 691 863 754 coscicnca
883 692 920 754 ed
934 692 1036 755 onesta
1051 693 1098 755 dci
1119 708 1226 771 goror-

48 785 144 848 nanti.
165 783 223 847 Per
243 801 440 865 conseguenza
461 787 483 850 11
503 804 577 867 gran
599 788 748 867 problema
760 789 890 866 *pontico
908 780 1056 854 dovrebbe
1080 792 1225 854 riccrcare

53 883 202 961 pinttosto
218 882 240 944 il
271 882 385 947 vincolo
414 885 523 948 morale
551 900 602 964 per
630 887 1226 967 313113331331133331111313113111,

52 979 324 1044 3311311131311133
347 982 497 1046 materiale
519 998 571 1061 per
590 983 757 1048 contenerli.
772 1006 790 1042 »
813 981 891 1048 Hinc
911 987 1016 1050 merito
1037 987 1136 1049 inlcrt:
1154 1008 1172 1043 «
1186 983 1225 1049 Sc

52 1079 85 1140 la
108 1077 258 1158 Religione
279 1078 295 1142 d
315 1079 337 1142 il
358 1078 408 1158 piir
429 1082 581 1161 gagliardo
602 1083 1224 1158 311331311331313,31133133311318311311

47 1177 113 1239 ela
135 1193 247 1240 somma
268 1180 450 1258 guarentigia
472 1180 590 1258 politica
607 1155 711 1278 (ll-ij

95 1268 143 1336 68.
167 1273 342 1339 Pronosrrro
364 1275 407 1339 5·.
428 1276 586 1341 Absoluta
606 1277 852 1344 cousidcroiimtc
880 1278 1014 1361 simplex
1034 1277 1226 1346 Maureta

45 1370 161 1444 3313313
172 1371 313 1436 omuibus
326 1373 439 1452 soranis
450 1374 622 1452 3313331111·
634 1381 668 1439 31
681 1381 808 1457 propter
820 1376 991 1441 humanum
1005 1377 1225 1456 infirmitatem
1299 1373 1304 1384 ’

48 1468 165 1532 utilior
185 1473 233 1533 331
252 1469 442 1536 Monarcbia
463 1477 636 1553 temperata
656 1492 695 1536 333
715 1475 931 1540 Aristocratiu
950 1480 981 1540 31
994 1475 1203 1540 113333333113.

92 1565 181 1632 Prob.
204 1569 298 1646 prima
319 1586 396 1648 pars.
417 1568 585 1635 1113131133
606 1573 757 1651 regiminis
778 1573 913 1664 31331313
941 1582 972 1638 31
998 1575 1226 1662 331-,3333113-

45 1667 130 1730 31131
149 1676 203 1741 331,
217 1684 292 1746 quae
313 1670 447 1732 absolute
461 1678 491 1732 et
512 1685 563 1747 per
582 1685 614 1732 se
634 1671 730 1749 magis
751 1673 906 1748 respondet
927 1673 989 1744 dni,
1004 1679 1224 1750 propterquam

48 1765 185 1843 regimen
205 1766 374 1828 institutum
399 1773 452 1830 331
474 1766 567 1846 Atqui
588 1768 618 1830 id
646 1769 787 1846 competit
809 1769 995 1847 potissimum
1025 1767 1225 1832 11313131133.

49 1860 134 1924 Nam
156 1863 223 1924 11113
244 1863 393 1942 regiminis
407 1871 453 1927 331
471 1865 543 1928 ordo
563 1873 592 1927 et
614 1881 670 1944 pax
692 1867 811 1928 civium.
828 1865 995 1945 Utrumque
1015 1874 1113 1929 autem
1129 1867 1226 1945 magis

48 1960 205 2024 obtinetur
229 1977 281 2039 per
302 1939 550 2040 principatum
526 1950 732 2044 bainsonum
756 1980 807 2042 per
836 1965 1032 2042 principatum
1054 1964 1226 2027 multorum.

47 2059 100 2122 Ad
120 2059 260 2122 unitatem
278 2061 355 2122 enim
370 2061 503 2124 societati
516 2060 754 2140 impartiendam,
765 2079 802 2125 ex
815 2079 874 2141 qua
889 2064 961 2126 ordo
975 2070 1005 2125 31
1019 2079 1076 2141 pax
1091 2062 1225 2136 resultat,

51 2157 156 2235 aptius
176 2167 223 2221 est
244 2159 273 2220 id
294 2161 372 2237 qnod
387 2167 440 2251 est
442 2175 545 2254 unum
559 2175 633 2248 per
639 2163 760 2236 333111
782 2171 913 2234 naturae,
928 2176 1017 2239 quam
1035 2161 1065 2222 id
1080 2160 1159 2239 quod
1179 2169 1226 2222 cst

50 2271 148 2317 unum
170 2271 222 2333 per
246 2257 382 2320 accidens
401 2239 450 2322 31
456 2259 484 2321 vi
510 2245 598 2321 artis:
613 2261 670 2322 boc
690 2261 767 2322 enim
789 2275 844 2322 non
866 2269 927 2321 tam
948 2265 994 2321 est
1015 2274 1116 2332 unum,
1136 2273 1226 2335 qnam
1310 2309 1315 2320 .

51 2353 157 2430 potius
180 2353 332 2431 pluralitas
359 2356 531 2435 conspirans
552 2357 581 2418 in
608 2367 706 2420 unum.
728 2355 810 2420 Haec
838 2357 913 2419 ratio
940 2357 1095 2434 desumpta
1121 2362 1168 2417 est
1188 2370 1225 2416 ex
1315 2391 1318 2394 -

49 2449 82 2514 S.
100 2449 226 2525 Thomu,
241 2454 291 2531 qui
306 2453 349 2516 sic
370 2454 427 2515 ait:
444 2451 627 2532 «Optimum
643 2455 772 2533 regimen
787 2454 985 2516 multitudinis
999 2461 1043 2515 est
1058 2461 1091 2514 ut
1105 2460 1225 2530 regatur

51 2565 106 2627 per
130 2566 236 2624 unum;
257 2551 336 2628 quod
359 2558 439 2629 patet
465 2567 501 2614 ex
523 2552 580 2613 1133
605 2552 764 2630 regiminis,
785 2553 836 2628 qni
857 2559 904 2613 est
926 2566 993 2628 pax.
1014 2548 1076 2612 Pax
1097 2551 1174 2613 enim
1195 2561 1228 2612 33

48 2651 154 2711 unitas
169 2649 355 2712 subditorum
369 2656 414 2710 est
427 2650 495 2712 linis
512 2651 648 2728 regentis.
661 2647 790 2713 Unitatis
804 2659 902 2712 autem
918 2650 1123 2728 congruentior
1134 2664 1224 2711 causa

49 2755 109 2808 est.
124 2757 211 2820 unus,
225 2762 314 2823 quam
337 2746 423 2809 multi
438 2745 489 2828 (1).
501 2769 519 2804 s

97 2843 187 2908 Prob.
203 2846 330 2907 3333313113
354 2860 431 2922 pars.
446 2844 491 2910 Eo
512 2845 611 2910 utilior
631 2854 679 2908 331
697 2848 791 2909 131133
812 2846 976 2925 regiminis,
989 2862 1049 2925 quo
1063 2846 1174 2924 gratior
1192 2847 1226 2908 tit

55 2941 188 3005 subditis
202 2950 231 3004 et
253 2944 386 3005 securius
407 2943 554 3005 abusnum
578 2944 706 3021 pericula
722 2953 860 3007 removet.
876 2944 927 3023 At,
942 2952 1038 3007 stante
1054 2945 1226 3006 infirmitate
1297 2999 1301 3006 .

50 3042 195 3112 bumana,
210 3040 239 3101 id
261 3041 357 3103 locum
379 3038 1012 3120 13313131113331311333331331313313313
1034 3041 1151 3120 aliquod
1173 3041 1226 3102 ad·
1253 3047 1264 3058 “

54 3138 140 3200 ditur
153 3153 188 3200 ex
205 3135 399 3200 Aristocratia
413 3145 444 3200 et
457 3135 652 3201 Democratia.
665 3137 742 3201 Nam
757 3141 869 3218 gratior
882 3148 929 3202 est
943 3140 1125 3218 gubernatio,
1139 3139 1225 3201 cuius

51 3235 156 3314 aliquo
183 3242 269 3312 pacto
290 3250 389 3298 omnes
410 3237 468 3298 sint
490 3227 666 3314 par·ticipes;v
685 3246 714 3299 et
736 3239 877 3301 remotius
904 3239 1039 3300 redditur
1060 3236 1225 3314 periculum

51 3333 197 3397 condendi
214 3333 306 3396 malas
316 3333 396 3413 leges
406 3342 458 3398 331
473 3335 596 3396 vexandi
607 3335 751 3408 subditos,
762 3337 786 3396 si
803 3336 933 3413 plurium
947 3334 1069 3398 consilio
1081 3331 1223 3409 Princeps

52 3433 173 3494 iuvetur
199 3437 229 3493 et
250 3431 343 3493 limite
363 3431 461 3509 aliquo
480 3433 511 3494 in
532 3433 679 3510 operando
701 3437 879 3496 coerceatur.
902 3431 983 3496 Haec
1009 3432 1103 3494 thesis
1124 3439 1226 3508 aperte

55 3531 216 3592 traditura
231 3528 419 3604 Bellarmino,
431 3530 474 3593 sic
488 3530 592 3593 niente:
609 3529 701 3594 «Nos
713 3530 745 3594 Β.
758 3529 903 3594 Τ113113313
918 3531 1049 3608 aliosque
1063 3528 1226 3591 catholicos

56 3627 209 3706 theologos
229 3629 356 3707 sequuti,
372 3643 407 3690 ex
430 3628 524 3690 tribus
546 3628 730 3706 simplicibus
744 3630 847 3691 lormis
864 3627 1094 3707 gubernationis,
1109 3625 1226 3689 Monar-

52 3725 155 3787 cbiam
183 3727 290 3788 ceteris
319 3725 544 3802 anteponimns;
572 3717 762 3804 quamquam,
784 3731 903 3804 propter
930 3731 1052 3787 naturae
1079 3726 1226 3786 hnmanae

52 3824 283 3901 corruptionem,
296 3823 443 3896 utiliorem
465 3838 529 3885 esse
550 3838 703 3885 censemus
725 3824 862 3886 omnibns
883 3823 940 3884 lroc
961 3830 1091 3899 tempore
1108 3818 1226 3883 Monar-

50 3922 155 3986 cbiam
180 3929 372 3999 temperatam
393 3936 430 3983 31
452 3919 646 3984 Aristocratia
674 3929 704 3982 31
717 3919 920 3991 democratia,
943 3935 1031 3997 quam
1059 3918 1225 3998 simplicem

102 4154 138 4216 (l)
161 4153 241 4202 Coruo
257 4153 418 4200 clementiore
434 4151 465 4198 di
479 4150 594 4198 natural
609 4149 713 4202 diritlo,
732 4148 771 4197 lib.
789 4149 811 4206 5,
828 4163 885 4212 cap.
901 4150 924 4198 l.

99 4233 136 4296 (2)
155 4233 268 4280 Summa
285 4239 379 4280 contra
399 4229 524 4281 Gentiles,
542 4228 580 4277 lib.
602 4228 625 4285 l,
641 4242 694 4291 cap.
713 4229 751 4276 lli.
