3159 4934
299 250 350 305 148
590 262 632 305 ms
650 262 776 305 NATURAE
794 283 803 291 -
822 263 889 305 PARS
907 264 925 304 l.
943 264 985 307 ltts
1005 262 1177 307 iltutvmtttut:

297 390 367 439 vero
388 376 549 439 subiectiva
568 384 615 439 est
636 392 741 455 magna
762 375 920 450 mobilitas,
933 392 1021 455 quam
1037 391 1119 439 mens
1132 384 1233 439 nostra
1253 378 1401 440 contrahit
1422 395 1462 441 ex

223 516 226 521 -
298 474 401 537 unione
421 490 488 535 cum
510 476 664 552 phantasia
686 476 849 552 ceterisque
870 474 1013 537 sensibus.
1035 472 1080 537 Ex
1100 489 1159 551 quo
1179 476 1213 537 fit
1235 483 1269 537 31
1282 475 1421 538 facillime
1444 494 1463 537 a

294 571 524 635 consideratione
544 579 793 651 argumentorum,
813 589 889 650 3333
909 574 1091 636 extrinsecus
1112 579 1226 635 tantum
1248 588 1310 635 rem
1331 574 1465 636 circum-

297 678 385 744 stant,
399 670 541 733 removeri
557 670 647 749 possit
661 670 742 733 etad
756 678 928 749 argumenta
943 670 1098 746 contraria,
1112 677 1273 747 utcumque
1287 670 1464 747 sophistica,

295 780 326 829 se
343 775 526 851 convertere:
543 768 741 845 potissimum,
754 768 778 830 si
793 783 891 846 pravo
904 768 1032 845 quodam
1054 767 1162 830 affectu
1183 768 1301 830 animus
1321 768 1462 845 agitetur.

295 862 418 943 Propter
432 868 509 928 banc
524 881 654 940 causam,
668 866 755 928 etiam
771 865 801 926 in
815 866 990 928 veritatibus
1005 864 1188 928 naturalibus
1201 880 1277 942 quae
1291 867 1464 928 immediate

294 979 351 1026 non
372 972 482 1040 patent,
504 963 554 1026 sed
573 965 793 1027 ratiocinatione
816 963 1001 1041 deteguntur,
1022 978 1162 1025 assensus
1183 964 1316 1026 subiacet
1336 965 1464 1041 imperio

294 1062 464 1135 voluntatis,
485 1078 560 1140 3333
582 1071 678 1140 potest
697 1070 823 1125 mentem
845 1063 883 1125 ab
904 1062 941 1123 iis
961 1061 1142 1140 argumentis
1162 1076 1286 1123 avocare
1299 1070 1333 1123 et
1350 1061 1388 1123 ad
1408 1078 1464 1138 op-

296 1160 391 1237 posita
413 1175 561 1223 revocare.
576 1158 691 1232 Quaem
705 1160 801 1238 magis
821 1160 852 1222 id
868 1159 974 1236 poterit
987 1159 1083 1237 quoad
1097 1158 1245 1237 veritates,
1261 1174 1337 1237 3333
1351 1160 1464 1221 extrin-

294 1258 370 1320 secis
390 1263 504 1320 tantum
527 1259 709 1336 argumentis
730 1259 960 1337 persuadentur?

335 1354 380 1418 En
401 1356 490 1433 igitur
511 1356 617 1434 duplex
639 1372 739 1430 causa,
760 1372 814 1419 cur
833 1372 1011 1435 quamquam
1033 1357 1177 1418 habeatur
1197 1355 1343 1418 evidentia
1363 1356 1463 1417 133133

296 1454 491 1528 333313113313,
502 1461 598 1515 tamen
612 1470 749 1517 assensus
763 1455 860 1532 quoad
875 1454 988 1517 obiecta
1001 1452 1085 1517 Fidei
1100 1454 1174 1517 liber
1189 1462 1305 1515 maneat
1318 1461 1349 1515 et
1363 1468 1463 1531 capax

294 1551 400 1614 meriti.
423 1550 598 1615 Praesertim
624 1552 648 1613 si
673 1552 874 1615 consideretur
894 1553 972 1631 quod
998 1568 1138 1614 assensus
1159 1551 1208 1614 ille
1229 1568 1246 1613 a
1273 1551 1353 1613 fideli
1373 1566 1462 1628 prae

294 1657 400 1724 statur,
422 1666 478 1713 non
492 1659 611 1729 propter
631 1658 803 1729 argumenta
823 1667 899 1730 quae
919 1652 1018 1727 ipsum
1039 1651 1077 1711 ad
1098 1650 1278 1713 credendum
1299 1649 1463 1726 adducunt,

295 1748 347 1809 sed
361 1748 445 1810 unice
460 1755 577 1826 propter
587 1748 781 1810 obedientiam
796 1747 858 1811 Deo
872 1748 1000 1811 debitam
1012 1755 1042 1810 et
1056 1748 1228 1824 obsequium
1241 1763 1311 1824 erga
1325 1746 1461 1808 divinam

293 1846 493 1919 veracitatem,
507 1862 542 1908 ex
563 1846 693 1924 impulsu
714 1847 829 1910 divinae
850 1846 970 1925 gratiae.
988 1868 1006 1902 «
1022 1845 1077 1919 Qtri
1094 1846 1198 1921 credit,
1212 1840 1254 1908 ait
1275 1844 1304 1908 S.
1317 1844 1464 1920 Thomas,

293 1944 384 2005 babet
400 1944 549 2006 sufficiens
570 1944 751 2007 inductivum
767 1944 805 2005 ud
819 1944 1009 2019 credendum;
1025 1944 1176 2007 inducitur
1189 1944 1268 2007 enim
1283 1943 1464 2005 auctoritate

253 2062 257 2073 ¹
293 2040 407 2103 divinae
432 2041 592 2119 doctrinae,
614 2040 764 2103 miraculis
785 2043 974 2105 confirmatae
999 2049 1039 2114 et,
1059 2042 1139 2119 quod
1159 2042 1228 2119 plns
1252 2040 1462 2113 estimationi

292 2137 434 2201 instinctu
456 2136 510 2201 Dei
531 2138 698 2201 invitantis:
719 2138 796 2201 unde
820 2153 876 2200 333
900 2138 1003 2201 1331133
1031 2138 1134 2202 credit.
1157 2136 1268 2201 Tamen
1293 2138 1463 2201 nonhabet

293 2235 440 2297 sufficiens
450 2235 633 2297 inductivum
642 2235 679 2296 ad
690 2234 848 2298 sciendum
856 2234 1031 2314 (inducitur
1041 2238 1122 2299 euim
1131 2236 1463 2311 mota‘ou‘sectrc'nseca's,

291 2350 372 2409 poue
392 2350 454 2395 31311
473 2330 605 2411 pariunt
624 2332 811 2411 scientium),
826 2341 856 2395 31
876 2333 940 2396 ideo
954 2349 1010 2397 non
1030 2333 1143 2397 tollitur
1156 2334 1233 2397 ratio
1247 2334 1344 2396 meriti
1359 2332 1443 2413 (1).»

687 2619 833 2698 eaeor
858 2588 1064 2736 3333333

473 2866 480 2881 ,
550 2848 552 2853 .
584 2775 1008 2863 33333333333333333331
1030 2809 1165 2860 3313333.
1223 2826 1228 2833 ·

334 3016 380 3079 45.
404 3015 488 3083 Unde
510 3015 655 3084 oriuntur.
672 3006 829 3097 obligatio
842 3019 891 3081 illa
904 3027 1038 3094 naturae,
1053 3035 1112 3096 333
1138 3019 1225 3080 bomo
1248 3028 1389 3095 respectu
1405 3020 1467 3091 sui,

291 3115 421 3178 actiones
447 3114 561 3194 aliquas
588 3115 693 3179 elicere
718 3124 770 3178 aut
797 3118 932 3179 omittere
961 3124 1084 3189 tenetur,
1113 3117 1210 3178 officia
1239 3115 1370 3178 bominis
1391 3132 1467 3195 erga

291 3213 423 3291 seipsum
444 3214 571 3277 exhibet.
586 3212 670 3286 Quod
691 3222 788 3277 autem
811 3229 912 3291 reapse
931 3214 1042 3276 bomini
1062 3214 1110 3276 lex
1130 3213 1271 3276 naturalis
1292 3214 1465 3292 praecipiat

292 3319 325 3372 ut
345 3311 444 3389 aliqua
464 3310 572 3374 efficiat
593 3312 639 3375 vel
660 3312 784 3390 omittat,
800 3327 875 3390 quae
896 3312 933 3373 ad
955 3327 986 3373 se
1006 3312 1104 3389 ipsum
1126 3313 1300 3385 referantur,
1321 3313 1469 3389 perfacile

291 3409 433 3472 iudicium
454 3418 509 3471 est.
529 3408 655 3485 Etenim,
677 3426 744 3473 cum
766 3412 853 3472 bomo
876 3422 1014 3485 personae
1031 3408 1176 3487 dignitate
1197 3416 1327 3483 ornetur,
1348 3424 1386 3471 ac
1409 3427 1468 3472 na-

292 3512 389 3569 turam
415 3509 577 3585 susceperit
600 3507 823 3585 perterribilem
846 3508 947 3583 333311
972 3507 1100 3583 33313313
1121 3506 1207 3569 311133
1229 3523 1260 3569 33
1281 3507 1469 3571 ordinationi

289 3603 405 3666 divinae
425 3605 654 3680 accommodare,
669 3606 726 3668 nisi
740 3606 817 3667 banc
832 3614 901 3666 3333
922 3610 1042 3665 3313333
1068 3603 1273 3666 excellentiam
1290 3614 1470 3668 revereatur

289 3700 492 3779 observetque,
519 3708 606 3779 atque
633 3703 674 3765 113
703 3718 734 3765 33
755 3712 840 3781 gerat
865 3702 1022 3779 operando,
1047 3714 1080 3763 ut
1103 3702 1142 3763 ad
1168 3703 1378 3780 perlectionem
1405 3703 1470 3766 sibi

289 3801 467 3874 propositam
489 3801 600 3862 nitatur
620 3802 745 3863 assidue.
768 3800 802 3863 ld
823 3815 892 3862 vero
912 3799 991 3861 aliud
1010 3816 1066 3863 non
1083 3808 1128 3861 est
1143 3799 1322 3877 quidquam,
1335 3800 1395 3861 nisi
1412 3802 1471 3863 bo-

287 3909 357 3955 num
372 3896 454 3959 iuxta
470 3897 580 3959 ordinis
595 3898 828 3975 praeceptionem
844 3897 901 3958 sibi
917 3896 990 3958 velle
1004 3912 1039 3958 ac
1054 3911 1223 3973 procurare.
1239 3895 1387 3970 Quocirca
1403 3915 1468 3961 non

213 4054 215 4061 ,
288 3990 435 4053 immerito
449 3994 539 4067 dices,
553 3995 648 4059 officia
662 3996 769 4069 omnia,
785 3994 894 4072 quibus
907 3994 996 4055 homo
1009 4009 1078 4073 erga
1094 3994 1226 4072 seipsum
1241 3995 1460 4073 adstringitur,

313 4112 352 4145 :s
393 4105 424 4139 ss
1110 4083 1257 4141 del-lvo]
1271 4069 1426 4168 ''ff-JV

340 4212 375 4273 (1)
393 4212 504 4261 Summa
522 4211 661 4271 111,2“,2“,
674 4228 698 4276 q.
717 4214 756 4270 11,
772 4230 795 4265 3.
808 4214 889 4272 toan
907 4214 930 4263 3.
951 4251 954 4254 ψ
