3159 4934
396 331 482 374 uarnr
500 333 536 375 vu.
555 334 590 375 nu
607 332 707 376 socrant
726 333 840 377 nutravn
858 331 974 375 ouurtuu
1213 316 1267 374 365

96 439 306 507 acutissimum
320 445 540 509 incitamentum
555 447 594 509 ad
610 447 740 525 gentium
755 446 924 510 societatem
945 444 1113 519 ineundam,
1132 450 1171 518 et,
1187 451 1268 521 post·

96 553 191 615 quam
219 540 292 604 inita
312 543 361 616 sit,
381 544 418 606 ad
443 544 576 607 eamdem
606 544 786 607 retinendam
814 543 1029 606 validissimum
1053 540 1264 605 adminiculum

96 638 243 713 praeberi.
259 636 335 702 Nam
349 640 438 703 bomo
459 656 515 703 non
537 641 599 705 solo
620 657 742 718 corpore
762 647 893 715 constat;
909 640 960 702 sed
975 638 1067 703 multo
1088 639 1184 717 magis
1205 639 1267 717 spi-

95 735 170 804 ritu,
189 736 242 815 qui
269 739 428 815 praecipua
448 738 512 801 eius
531 747 653 802 naturae
673 748 721 803 est
740 755 820 818 pars.
840 736 903 803 Nec
923 738 961 801 ad
982 740 1152 801 societatem
1174 736 1265 799 ullam

95 832 207 896 adduci
228 842 333 911 potest,
355 835 412 898 nisi
433 836 528 914 quoad
550 837 686 915 spiritum
708 836 890 911 attrabatum
914 837 1017 899 necin
1037 836 1139 899 eadem
1170 850 1265 913 porse-

95 938 194 1004 verat,
214 933 268 994 uisi
282 934 389 1012 spiritu
403 934 470 997 aliis
484 934 685 999 adhaerescat.
700 936 743 999 At
756 951 825 999 vero
838 936 906 1013 quis
922 936 1045 1013 ignorat,
1067 942 1158 997 totam
1174 933 1266 996 aetio·

96 1028 326 1095 nemlicclesiac
340 1033 399 1095 buc
413 1032 616 1113 intenderent
629 1033 718 1095 animi
733 1033 863 1096 omnium
878 1033 1041 1109 bominum,
1052 1031 1265 1108 cuiuscumque

94 1127 225 1204 regionis
246 1136 298 1191 aut
319 1131 492 1194 conditionis
512 1132 579 1206 sint,
595 1132 707 1193 unitate
721 1131 894 1210 cognitionis
915 1137 944 1193 et
964 1130 1074 1194 amoris
1087 1136 1117 1192 et
1131 1128 1265 1194 obedien·

81 1224 166 1299 tiae,
187 1227 270 1306 quasi
292 1228 403 1306 triplici
424 1244 515 1308 eoque
535 1228 733 1292 indissolubili
754 1228 880 1302 vinculo,
901 1228 1025 1290 invicem
1046 1228 1239 1306 copulentur?

137 1322 271 1389 Proiecto
285 1324 420 1390 Ecclesia
435 1344 527 1406 genus
546 1327 708 1389 bumanum
723 1342 779 1389 non
794 1328 881 1390 modo
895 1328 932 1390 ab
948 1342 1004 1389 uuo
1026 1324 1088 1390 Deo
1102 1326 1262 1399 conditum,

94 1422 309 1486 verumetiam
330 1424 446 1488 abnuo
469 1434 586 1503 parente
610 1427 740 1505 genitum
762 1426 865 1499 dooet;
885 1442 920 1487 ac
942 1424 1073 1503 proinde,
1100 1424 1144 1487 vel
1167 1424 1264 1503 quoad

92 1520 194 1598 ipsam
207 1522 386 1586 materialem
401 1524 552 1601 originem,
566 1505 667 1587 ornnes
678 1524 810 1588 bomiues
822 1523 992 1603 cognatione
1003 1522 1153 1585 devinctos
1164 1528 1264 1584 osteu-

93 1620 150 1681 dit
162 1616 237 1682 Tum
249 1635 298 1683 eos
308 1621 345 1682 ad
357 1622 491 1684 eumdem
507 1624 594 1685 finem
609 1622 749 1685 destinari
761 1622 909 1700 patefacit,
921 1629 949 1684 et
963 1621 1001 1684 ad
1017 1636 1103 1684 unam
1115 1621 1265 1683 eamdem·

93 1732 153 1794 que
165 1716 334 1780 societatem
342 1733 398 1781 non
406 1719 493 1782 modo
503 1718 533 1780 in
544 1721 641 1783 futuro
653 1736 734 1793 nevo,
743 1720 891 1783 sedetiam
903 1722 932 1781 iu
944 1720 1092 1799 praesenti
1100 1719 1259 1782 coeundam

72 1856 75 1860 -
92 1813 237 1875 divinitus
250 1829 315 1876 esse
328 1815 487 1891 ordinatos,
499 1818 555 1879 sub
570 1817 709 1896 regimine
723 1827 752 1880 et
768 1818 860 1880 tutela
876 1819 962 1881 unius
978 1818 1108 1896 supremi
1120 1815 1263 1891 Pastoris,

93 1912 147 1989 qui
167 1908 223 1974 Dei
237 1912 301 1975 vice
313 1914 461 1992 fungatur.
477 1912 567 1979 Porro
588 1916 626 1978 ad
647 1916 735 1978 linem
756 1931 941 1979 communem
955 1924 985 1978 et
1005 1915 1093 1978 simul
1112 1916 1262 1994 proprium

93 2008 277 2087 singulorum
291 2012 505 2088 capessendum
520 2014 655 2077 omuibus
669 2014 771 2077 eadem
786 2015 881 2077 media
897 2014 1032 2094 largitur,
1047 2014 1163 2077 easdem
1180 2014 1261 2093 leges

94 2106 230 2183 imponit,
250 2108 418 2171 eorumdem
434 2110 588 2173 ‘bonorum
611 2111 789 2175 desiderium
814 2114 937 2187 excitam
959 2115 1059 2187 immo,
1081 2114 1185 2191 quavis
1206 2113 1264 2175 dil-

91 2204 216 2266 fereutia
244 2205 371 2285 sublata,
391 2223 492 2270 omues
513 2209 598 2286 plane
624 2210 767 2290 homines,
788 2213 999 2288 cuiuscumque
1028 2212 1183 2290 dignitatis
1207 2220 1259 2274 alut

92 2301 271 2364 conditionis
285 2304 353 2377 siut,
368 2306 456 2368 unius
476 2306 664 2386 eiusdemque
678 2323 794 2371 mensae
808 2308 945 2372 convivas
967 2309 1128 2383 constituit,
1145 2323 1262 2371 eorum·

93 2399 161 2462 dem
173 2410 424 2467 sacramentorum
440 2406 607 2484 participes,
617 2406 809 2486 eiusdemque
822 2409 967 2470 fraternae
983 2406 1146 2469 dilectionis
1160 2407 1259 2470 officio

94 2491 263 2563 adstrictos.
292 2497 389 2574 Quare
415 2519 472 2566 nou
501 2504 586 2568 modo
614 2504 790 2583 principium
819 2506 917 2583 ipsum
946 2504 1103 2566 iunctiouis
1132 2504 1261 2583 attingit,

92 2614 200 2677 nempe
220 2600 364 2675 animum;
388 2603 439 2665 sed
467 2602 618 2666 innumera
639 2604 730 2666 nectit
754 2602 879 2677 vincula,
901 2603 1009 2681 quibus
1038 2610 1100 2663 tum
1121 2602 1258 2666 homines

95 2698 249 2773 individui,
264 2707 327 2762 tum
342 2702 479 2775 familiae,
494 2708 556 2764 tum
570 2701 694 2779 denique
710 2701 841 2764 nationes
855 2702 937 2778 ipsae
951 2700 1027 2763 iuter
1048 2717 1079 2762 se
1094 2701 1261 2764 arctissime

93 2794 316 2875 coniungantur.
331 2795 434 2877 Neque
458 2802 515 2861 boe
535 2807 696 2877 utcumque
709 2805 851 2877 praestat,
865 2799 916 2861 sed
932 2799 1093 2861 stabilitate
1120 2799 1261 2875 maxima,

94 2902 124 2957 et
145 2894 243 2957 divim
272 2904 356 2959 utens
385 2897 543 2960 sanctione.
564 2895 611 2960 Er
632 2913 690 2975 quo
717 2897 806 2959 litut
834 2905 934 2974 gentes
962 2911 1074 2968 umnec,
1094 2914 1170 2975 quae
1198 2898 1261 2960 eius

93 2992 160 3055 luce
174 2992 382 3056 collustrantur
395 3003 425 3057 et
439 3010 524 3059 sacro
538 2996 605 3074 igne
621 2995 766 3069 foventur,
779 2994 818 3057 ad
833 2994 1002 3056 societatem
1018 2995 1107 3056 etiam
1125 3003 1261 3073 respectu

94 3090 264 3168 temporalis
284 3092 433 3156 felicitatis
446 3093 522 3155 inter
540 3109 572 3155 se
586 3092 741 3155 ineundam
757 3107 813 3153 nou
835 3091 920 3155 niodo
936 3092 1062 3155 maxime
1084 3091 1261 3167 alliciantur,

93 3187 146 3250 sed
167 3190 253 3267 quasi
274 3191 447 3253 necessitate
467 3191 596 3270 quadam
617 3192 835 3268 pertrabuntur.

135 3284 198 3349 Nec
220 3302 298 3367 vero,
311 3288 373 3352 siue
393 3289 451 3352 boc
464 3290 583 3353 caelesti
605 3288 729 3368 vinculo,
744 3287 858 3365 sperari
879 3288 986 3364 poterit
1006 3286 1260 3351 internetionalem

94 3386 265 3462 societatem
286 3387 447 3450 stabilitate
475 3404 604 3467 uuquam
624 3389 765 3450 donatum
793 3387 839 3448 iri.
862 3383 1039 3459 Nemeum
1070 3385 1202 3447 nationes
1233 3385 1263 3447 vi

93 3482 198 3547 Status
220 3484 330 3562 politici
351 3501 407 3549 non
434 3487 509 3548 satis
530 3486 638 3550 vividis
667 3484 835 3563 indigentiis
864 3484 1066 3557 sollicitentur,
1086 3482 1195 3561 quibus
1215 3498 1263 3547 re·

94 3580 236 3659 pellendis
247 3584 426 3646 consortium
441 3591 578 3647 constans
589 3583 713 3647 aliarum
724 3584 855 3662 gentium
867 3582 982 3646 omniuo
998 3582 1037 3643 sit
1051 3582 1261 3655 necessarium

93 3681 217 3743 stimulo
237 3682 378 3744 carebunt
391 3691 422 3744 et
442 3698 613 3761 causaque
633 3682 672 3744 ad
692 3681 863 3745 societatem
885 3697 952 3742 cum
973 3680 1011 3741 iis
1032 3679 1261 3743 conservandam

92 3780 253 3843 incitentur
266 3780 322 3842 uisi
335 3779 439 3843 altiore
452 3780 579 3859 quodam
597 3780 738 3858 principio
753 3796 785 3842 se
799 3780 858 3842 iam
873 3777 1096 3840 immutabiliter
1111 3776 1262 3841 devinctas

94 3878 231 3942 sentiant.
255 3878 299 3941 liu
320 3894 377 3958 quo
397 3878 482 3942 facile
503 3886 626 3957 apparet
645 3877 789 3955 sapientia
810 3878 917 3939 summi
940 3874 1117 3949 Conditoris,
1139 3876 1190 3953 qui
1214 3891 1260 3937 or·

94 3980 192 4042 dinem
220 3978 472 4057 supernaturalem
494 3978 620 4041 naturali
650 3978 694 4040 sic
718 3977 858 4057 innexuit,
881 3984 913 4037 ut
934 3977 1009 4039 alter
1030 3976 1113 4039 alteri
1136 3975 1262 4053 opitula-

93 4086 184 4141 retur.
200 4077 292 4140 lmmo
307 4077 488 4156 providentia
510 4076 594 4154 plane
608 4074 735 4139 mirabili
757 4077 801 4138 sic
822 4082 868 4138 ies
883 4074 1058 4153 disposuisse
1081 4074 1212 4151 videtum
1228 4082 1262 4136 ut

92 4177 166 4239 ordo
185 4176 430 4255 supernaturalis,
451 4174 503 4254 qui
523 4175 620 4253 magis
640 4176 771 4247 interest,
794 4173 884 4235 veluti
904 4173 1032 4235 conditio
1055 4174 1103 4247 sit,
1119 4174 1181 4234 siue
1202 4188 1261 4251 qua

91 4273 236 4339 naturalis
256 4273 327 4337 ordo
348 4272 551 4351 undecumque
567 4274 713 4350 perfectus
734 4271 857 4334 evadere
880 4278 1012 4349 nequeat.
1027 4268 1073 4333 Ex
1093 4286 1153 4349 quo
1172 4271 1207 4332 fit
1227 4276 1261 4331 ut
