3159 4934
305 321 358 376 tlb
599 334 642 377 ros
659 334 785 377 urrunnu
797 351 807 361 ·
819 334 887 377 nans
905 334 922 377 n
941 333 983 377 tus
1000 333 1172 377 rnnrvmuaua

305 458 405 511 turam
420 456 536 527 tempus
549 449 621 510 satis
636 450 724 513 bomo
738 450 926 527 prospiceret,
941 449 966 511 si
981 465 1015 511 ca
1030 455 1145 510 tantum
1165 446 1336 526 possideret,
1350 464 1426 526 quae
1442 449 1480 510 in

306 547 448 625 praesenti
469 546 608 620 absumit,
627 562 679 609 nec
699 563 748 609 res
768 548 825 609 sibi
842 547 1024 626 adiungeret,
1037 562 1113 624 quae
1127 547 1224 609 lructu
1245 553 1275 609 et
1295 544 1396 609 valore
1416 564 1479 610 sno

303 651 451 723 posteram
472 643 536 707 eius
556 644 647 707 vitam
669 652 842 707 tutarentur.
857 642 1033 707 Praesertim
1052 644 1083 705 id
1103 644 1163 706 vim
1177 644 1277 717 babet,
1292 645 1316 705 si
1338 645 1481 707 conside·

304 749 403 803 rentur
423 741 654 815 vicissitudines,
668 742 776 821 quibos
790 743 881 807 homo
895 741 1062 814 subiicitur,
1078 748 1165 819 prout
1178 757 1284 820 nempe
1297 741 1484 821 infirmitati,

304 839 456 917 senectuti,
477 840 610 903 fortunae
632 841 752 903 casibus
773 841 916 903 obnoxius
935 848 997 914 est;
1018 840 1139 918 eiusque
1159 847 1309 917 spectetur
1329 840 1481 903 ordinatio

304 937 341 998 ad
363 935 518 1000 nobiliores
539 935 605 999 illas
626 939 819 1014 operationes,
832 939 941 1017 quibus
961 938 1079 1001 animus
1092 947 1123 1000 et
1141 953 1224 1000 mens
1241 936 1403 1017 perficitur.
1417 935 1484 999 His

305 1034 381 1095 enim
405 1033 522 1109 penitus
544 1048 575 1095 se
596 1033 731 1095 addicere
752 1048 837 1095 nemo
865 1040 969 1111 potest,
990 1034 1047 1097 nisi
1075 1033 1211 1097 interiore
1238 1050 1310 1097 cura
1331 1032 1481 1097 liberetur

307 1130 483 1206 procurandi
504 1130 560 1193 sibi
582 1130 746 1193 necessaria
767 1131 947 1208 quotidianis
968 1131 1115 1209 operibus.

252 1264 260 1291 t
348 1224 511 1302 Praeterea,
526 1229 613 1291 homo
634 1226 798 1290 industrius
812 1239 858 1291 est
878 1230 908 1292 vi
929 1234 1064 1305 naturae;
1080 1237 1169 1307 atque
1184 1230 1251 1292 ideo
1270 1229 1308 1290 ad
1330 1246 1379 1291 res
1394 1240 1484 1293 natu-

239 1288 384 1395 ‘florales
405 1334 467 1388 arte
488 1340 539 1387 sua
561 1327 811 1413 transmutandas,
824 1334 853 1387 et
873 1325 911 1387 ad
933 1327 1097 1389 ubertatem
1120 1310 1216 1389 terrae
1237 1327 1346 1389 sudore
1367 1344 1425 1390 suo
1439 1329 1484 1391 le·

307 1424 491 1487 cundandam
514 1425 674 1487 ordinatur.
696 1423 787 1501 ldque
801 1440 835 1486 eo
850 1424 955 1501 magis,
975 1424 1054 1501 quod
1073 1424 1225 1487 innumera
1240 1424 1303 1507 sint
1321 1426 1484 1488 necessita·

308 1523 386 1585 tibus
406 1522 543 1585 humanis
558 1529 729 1600 opportuna,
743 1538 819 1600 quae
834 1523 897 1583 sine
911 1521 1069 1599 multiplici
1090 1538 1161 1584 cura
1176 1538 1234 1585 non
1254 1532 1481 1598 conservantur,

307 1621 398 1683 immo
420 1621 466 1682 vix
492 1629 544 1682 aut
569 1636 603 1682 ue
625 1621 672 1681 vix
698 1619 817 1696 quidem
841 1627 1029 1681 enascuntur.
1052 1618 1095 1681 At
1121 1635 1188 1683 vero
1214 1620 1349 1701 iniquum
1372 1629 1420 1682 cst
1448 1631 1483 1683 ut

308 1718 375 1796 quis
396 1733 427 1779 re
448 1719 574 1791 fruatur,
588 1733 676 1794 quam
699 1716 774 1778 alter
794 1716 894 1780 labore
909 1733 963 1779 suo
985 1717 1193 1779 transmutavit
1211 1726 1263 1780 aut
1283 1716 1437 1781 meliorem
1451 1728 1482 1781 et

307 1816 433 1877 feracem
459 1814 565 1888 effecit,
587 1830 715 1893 suaeque
739 1814 902 1877 activitatis
930 1815 1079 1893 exercitio,
1100 1815 1186 1892 quasi
1215 1814 1313 1893 sigillo
1342 1816 1481 1893 propriae

309 1912 536 1991 personalitatis,
550 1912 725 1991 obsignavit.
740 1910 820 1991 Ergo
834 1929 870 1974 ex
885 1912 985 1976 ordine
1000 1920 1122 1975 naturae
1137 1912 1260 1975 resultat
1275 1920 1309 1975 ut
1327 1913 1414 1975 bomo
1427 1929 1481 1975 res

310 2009 454 2071 stabiliter
468 2010 508 2071 ita
524 2010 580 2072 sibi
595 2011 750 2088 adsciscat,
764 2018 796 2073 nt
806 2026 857 2073 cas
871 2010 1021 2073 elaborare
1036 2018 1124 2089 queat
1138 2026 1174 2073 ac
1189 2013 1330 2089 perticere
1339 2012 1374 2073 ad
1386 2026 1474 2072 suam

311 2106 477 2181 utilitatem,
491 2107 597 2170 ceteris
618 2107 755 2171 exclusis.
770 2108 804 2172 ld
821 2124 891 2171 vero
911 2110 959 2170 ius
975 2108 1161 2185 proprietatis
1178 2109 1329 2183 efformem
1346 2116 1480 2186 potestas

310 2208 387 2271 enim
409 2208 513 2270 rationi
534 2208 700 2282 conformis,
718 2209 764 2271 ius
784 2210 905 2273 dicitur.
920 2206 1005 2283 Quod
1027 2224 1097 2271 sane
1114 2225 1199 2272 nemo
1219 2210 1401 2272 inficiabitur
1422 2210 1482 2271 nisi

311 2305 347 2379 is,
358 2305 408 2383 qui
424 2314 474 2367 aut
489 2305 637 2368 bominem
651 2307 831 2370 incuriosum
847 2315 876 2369 et
892 2307 1052 2369 bestiarum
1067 2323 1147 2370 more
1162 2308 1309 2369 viventem
1325 2308 1486 2385 approbet,

311 2412 361 2465 aut
384 2403 477 2465 ordini
497 2410 525 2465 et
539 2404 643 2467 rationi
665 2421 826 2467 consonum
846 2419 911 2466 esse
925 2404 1005 2467 dicat
1026 2411 1059 2466 nt
1078 2405 1146 2482 quis
1166 2420 1220 2483 pro
1240 2404 1298 2466 alio
1314 2404 1441 2484 laboret,
1455 2414 1485 2467 et

311 2503 408 2581 segnis
431 2517 465 2564 ac
486 2499 647 2565 dissolutus
661 2502 788 2582 gaudeat
808 2502 963 2580 fructibus,
978 2517 1052 2580 quos
1071 2500 1144 2564 alter
1165 2501 1311 2564 industria
1331 2519 1386 2565 sua
1402 2518 1485 2566 com·

312 2601 437 2679 paravit.

259 2721 263 2729 ·
351 2697 463 2761 Eadem
479 2698 586 2760 veritas
600 2700 791 2761 confirmatur
806 2713 841 2760 ex
856 2706 998 2775 conceptu
1013 2697 1150 2772 lamiliae,
1163 2698 1192 2760 in
1207 2714 1266 2777 qua
1282 2714 1389 2776 parens
1405 2699 1488 2762 vitae

264 2780 267 2788 ’
312 2804 447 2859 natorum
468 2795 621 2858 consulere
641 2803 670 2858 et
691 2796 720 2857 in
743 2802 891 2874 posterum
905 2796 1058 2873 providere
1081 2804 1209 2870 tenetur;
1224 2811 1259 2858 ue
1276 2811 1327 2859 eos
1347 2796 1488 2859 fortunae

312 2893 450 2966 ludibrio,
464 2892 554 2955 immo
577 2900 675 2955 certae
696 2893 821 2971 egestati
843 2893 1017 2955 committat.
1033 2890 1083 2955 Sic
1096 2894 1173 2955 enim
1196 2895 1284 2957 bomo
1298 2893 1489 2957 constitutus
1572 2907 1573 2936 ³

313 3001 417 3054 natura
438 2999 493 3065 est,
509 3000 541 3053 ut
556 2991 660 3054 saltem
675 3006 728 3068 pro
743 2998 850 3069 quarta
866 3004 937 3051 suae
950 2990 1029 3052 vitae
1043 2999 1135 3070 parte,
1150 2990 1290 3053 nimirum
1305 2991 1398 3054 donec
1414 2992 1489 3054 ado·

312 3094 414 3169 lassat,
426 3109 469 3166 ea,
480 3092 587 3170 quibus
601 3092 722 3170 indiget,
734 3091 791 3153 sibi
806 3106 963 3168 procurare
977 3106 1034 3153 non
1049 3091 1158 3168 possim
1173 3106 1209 3153 ac
1223 3090 1345 3168 proinde
1359 3089 1492 3152 alendos

314 3194 385 3257 sita
405 3191 583 3270 parentibus,
598 3190 649 3268 qui
663 3197 742 3253 certe
756 3188 828 3252 huic
849 3189 961 3250 muneri
979 3204 1065 3267 aegre
1086 3189 1245 3251 admodum
1269 3187 1487 3265 satisfacerent,

314 3293 339 3353 si
361 3289 481 3353 divitias
503 3302 658 3367 congerere
679 3293 708 3349 et
729 3302 776 3349 res
798 3287 954 3364 frugiferas
976 3286 1032 3347 sibi
1054 3286 1222 3348 adsciscere
1247 3285 1488 3364 prohiberentur.

314 3386 410 3461 Quare
431 3385 654 3449 commentatae
675 3383 719 3446 sic
741 3384 950 3461 proprietatem
972 3383 1157 3460 impugnant,
1179 3391 1214 3444 nt
1237 3382 1327 3445 simul
1354 3381 1493 3445 familiae

314 3485 535 3550 dissolutionem
552 3481 739 3561 praecipiant.
755 3478 839 3551 Quod
853 3481 959 3543 iterum
982 3494 1083 3543 corum
1099 3479 1254 3543 doctrinae
1268 3479 1490 3542 absurditatem

314 3582 451 3645 ostendit.
1220 3601 1222 3607 ’

354 3678 485 3758 Denique
507 3677 625 3757 probari
647 3692 694 3739 res
717 3685 814 3753 potest
828 3691 863 3738 ex
886 3674 1108 3738 universalitate
1128 3683 1158 3739 et
1180 3675 1375 3753 perpetuitate
1393 3674 1493 3737 buius·

251 3825 254 3835 .
276 3847 281 3855 ἱ
314 3776 513 3839 institutionis.
530 3772 618 3838 Nulla
633 3774 710 3836 enim
724 3774 779 3835 luit
796 3789 920 3851 usquam
937 3788 1019 3851 gens,
1033 3770 1133 3849 aliquo
1148 3772 1229 3834 civili
1243 3771 1328 3834 cultu
1342 3772 1495 3850 praedita,

266 3853 273 3866 ⁶
315 3888 390 3950 quae
411 3873 547 3936 stabilem
571 3872 778 3950 proprietatem
800 3886 856 3933 non
875 3877 1057 3948 agnosceret.
1072 3866 1167 3932 lmmo
1187 3870 1246 3947 ipsi
1269 3869 1421 3932 silvestres
1435 3869 1496 3932 bo-

315 3969 407 4030 mines
426 3980 456 4033 et
476 3972 602 4051 efferati,
622 3969 673 4048 qui
694 3968 785 4032 libero
807 3976 912 4031 venatu
934 3977 986 4029 aut
1008 3968 1124 4045 piscatu
1147 3967 1238 4030 vitam
1264 3966 1358 4042 alunt,
1380 3966 1491 4030 saltem

317 4067 452 4145 proprias
474 4084 574 4131 cassas
596 4076 648 4130 aut
669 4076 746 4129 retes
767 4074 820 4128 aut
842 4068 1007 4145 pharetras,
1020 4081 1074 4128 nec
1094 4080 1150 4127 non
1172 4074 1202 4127 et
1223 4065 1352 4142 mapalia
1372 4072 1424 4128 ant
1440 4082 1495 4129 ca·

315 4179 422 4227 vernas
444 4164 498 4226 sibi
514 4174 680 4228 constanter
695 4166 871 4227 adsciscunt.
888 4164 930 4226 At
945 4178 1014 4225 vero
1027 4162 1138 4224 lactum
1155 4160 1290 4241 generale
1304 4168 1334 4223 et
1348 4159 1496 4225 constans

315 4262 416 4341 nequit
437 4278 492 4325 non
507 4262 577 4324 oriri
591 4278 626 4325 ex
646 4261 710 4341 lege
733 4270 862 4325 naturae.
877 4259 957 4339 Ergo
973 4260 1020 4322 ius
1034 4251 1149 4323 stabilis
1170 4259 1360 4339 proprietatis
1382 4276 1399 4321 a
1422 4257 1494 4339 lege

315 4369 439 4425 naturae
461 4358 669 4438 proficiscitur.
