3159 4934
808 323 946 366 urbica

720 549 1041 617 PROPOSITIONES.

287 740 316 803 s
334 729 382 793 55.
406 728 583 794 Pucrosrrro
608 727 650 792 1⁸.
671 727 774 792 Homo
792 729 956 808 praeditus
976 733 1025 792 est
1043 727 1194 793 libertate.

262 806 288 912 f
333 827 429 892 Homo
442 828 614 906 pierumque
625 827 669 890 sic
683 827 755 906 agit,
767 835 801 890 ut
816 827 893 892 actio
906 843 942 890 ex
956 828 1020 890 eius
1033 828 1177 890 arbitratu
1190 828 1323 905 pendeat.
1334 826 1368 891 ld
1380 825 1465 888 nulla

297 927 545 990 demonstratione
554 933 631 1005 eget,
641 925 713 988 adeo
724 925 872 988 luculento
882 925 1077 988 conscientiae
1087 933 1167 1004 patet
1179 925 1352 988 testimonio.
1365 921 1465 987 Nemo

294 1027 372 1088 enirn
383 1032 439 1097 est,
454 1025 504 1101 qni
520 1039 577 1086 non
595 1024 702 1086 sentiat
715 1024 744 1085 in
760 1030 906 1100 potestate
919 1040 975 1086 sua
988 1040 1054 1086 esse
1068 1040 1100 1086 se
1113 1024 1150 1086 ad
1165 1023 1316 1086 nonnullas
1330 1023 1465 1086 actiones

294 1122 500 1195 determinare,
520 1137 588 1186 curn
614 1123 642 1184 iu
665 1128 743 1184 statu
771 1121 874 1184 idoneo
894 1121 930 1183 ad
953 1121 1171 1184 deliberandum
1200 1122 1355 1199 reperitur.
1376 1118 1467 1184 Unde

294 1220 449 1283 existentia
474 1219 619 1282 libertatis
644 1219 673 1281 ib
698 1219 782 1281 nobis
805 1219 915 1281 lactum
941 1226 987 1280 est
1009 1218 1156 1297 quoddam
1184 1218 1353 1281 immediate
1379 1225 1467 1280 note-

295 1334 391 1390 scens,
413 1319 491 1396 quod
512 1318 602 1379 nullis
617 1317 849 1395 sophismatibus
862 1317 1015 1379 obscurari
1037 1324 1140 1393 potest.
1154 1314 1195 1379 Et
1211 1315 1465 1394 quemadmodum

295 1414 440 1496 Diogenes
461 1415 614 1491 Zenonem,
637 1422 738 1478 contra
760 1413 984 1492 possibilitatem
1005 1423 1104 1476 motus
1124 1412 1299 1491 loquentem,
1320 1413 1467 1475 deambu-

294 1513 381 1578 lando
402 1514 580 1586 confutarim
602 1513 645 1574 sic
666 1511 813 1574 libertatis
834 1513 978 1573 humanae
991 1511 1209 1588 impugnatores
1228 1510 1315 1573 facile
1336 1509 1464 1585 refelles,

294 1612 473 1675 contrarium
495 1612 568 1683 eius,
589 1609 667 1690 quod
689 1609 729 1671 illi
752 1609 880 1681 iubeant,
900 1608 1055 1686 operando.
1076 1608 1176 1688 Atque
1196 1609 1227 1670 id
1253 1609 1331 1686 quod
1352 1607 1466 1670 indivi-

295 1709 394 1773 dualis
415 1709 591 1772 conscientia
620 1715 753 1781 testatur,
782 1706 955 1769 universalis
983 1707 1073 1769 uuus
1101 1707 1216 1786 generis
1242 1707 1362 1769 humani
1391 1722 1466 1769 con·

295 1823 401 1869 sensus
422 1808 585 1868 confirmat.
606 1803 683 1877 Quid
704 1805 780 1867 enim
802 1803 881 1866 aliud
903 1812 973 1866 sunt
991 1803 1080 1882 leges,
1101 1812 1154 1866 aut
1174 1806 1314 1868 bonorum
1336 1820 1463 1882 operum

292 1904 408 1976 laudes,
437 1912 487 1966 aut
515 1904 645 1980 turpium
672 1902 909 1980 vituperationes,
937 1902 1009 1982 quid
1037 1904 1165 1980 praemia
1193 1910 1246 1964 aut
1270 1919 1379 1982 poenae
1406 1920 1465 1982 pro

294 2002 403 2064 uirtute
425 2009 476 2062 aut
496 2001 567 2063 vitio
589 2000 666 2078 apud
689 2015 789 2064 ornnes
809 2008 920 2078 gentes,
940 2001 1002 2064 sive
1022 2001 1118 2072 cultas
1144 2002 1206 2064 sive
1220 2001 1383 2075 barbaras,
1403 2002 1465 2064 nisi

293 2099 414 2173 totidem
437 2113 531 2170 voces,
552 2098 661 2176 quibus
683 2099 843 2160 humanum
865 2113 957 2176 genus
977 2099 1125 2162 actionum
1145 2091 1313 2162 nostrarum
1338 2099 1466 2162 liberta-

203 2186 206 2192 ’
293 2205 351 2260 tem
374 2195 553 2274 proclamat?

332 2295 360 2356 A
382 2294 472 2372 priori
493 2302 590 2356 autern
613 2293 808 2356 demonstrari
824 2300 971 2368 potesten
984 2293 1049 2369 ipsa
1067 2300 1172 2355 natura
1195 2293 1364 2357 voluntatis.
1380 2293 1463 2357 Nam

293 2409 361 2456 curn
384 2391 519 2456 voluntas
540 2391 613 2453 nibil
634 2390 714 2452 aliud
739 2390 786 2464 sit,
808 2390 864 2452 nisi
889 2391 1038 2467 appetitus
1065 2391 1226 2465 rationalis,
1253 2393 1282 2454 in
1311 2393 1463 2456 obiectum

291 2492 394 2564 fertur,
409 2498 495 2567 prout
516 2490 573 2568 ipsi
588 2505 606 2550 a
622 2489 733 2551 ratione
755 2487 933 2567 proponitur.
947 2485 1075 2561 ⁴Quoties
1096 2490 1196 2568 itaque
1218 2490 1293 2552 ratio
1315 2491 1462 2554 uoluntati

295 2589 429 2666 proponit
450 2588 574 2660 obiecta,
595 2602 671 2663 quae
692 2601 745 2648 ιιι
766 2587 826 2647 sint
838 2585 963 2648 felicitas
983 2601 1037 2648 nec
1051 2601 1119 2648 eum
1134 2586 1272 2649 felicitate
1290 2588 1462 2652 necessario
1504 2601 1512 2614 ·

291 2687 463 2763 iungantur3
477 2692 574 2747 motus
589 2684 749 2746 uoluntatis
764 2683 933 2745 indifferens
948 2692 1046 2744 manet
1059 2684 1155 2761 quoad
1171 2682 1220 2744 illa
1235 2686 1400 2762 appetenda
1411 2687 1462 2750 vel

293 2782 467 2858 respuenda.
493 2779 657 2860 Utrumque
671 2781 746 2843 enirn
762 2793 785 2842 a
801 2781 912 2843 ratione
927 2780 1075 2843 iudicatur
1089 2794 1174 2857 posse
1188 2783 1261 2857 lieri,
1276 2789 1307 2845 ιι
1322 2785 1462 2860 utrinque
1558 2825 1564 2839 .

265 2889 270 2900 ·
292 2880 419 2942 babetur·
432 2878 552 2956 aliquid,
566 2878 645 2956 quod
660 2879 824 2955 appetitum
838 2880 968 2940 attrabat
982 2877 1029 2940 vel
1043 2877 1173 2956 repellat.
1188 2877 1265 2943 Nam
1279 2895 1316 2942 err
1330 2897 1365 2945 eo
1378 2883 1462 2960 qnod

291 2978 326 3039 in.
342 2978 455 3040 obiecto
475 2977 590 3038 bonitas
603 2959 693 3055 inest,
715 2977 858 3038 motivum
879 2982 1001 3053 apparet
1022 2975 1193 3053 appetitioni
1206 2977 1379 3041 excitandae
1397 2981 1462 3042 ido-

292 3090 393 3148 neum3
417 3088 453 3136 ιι
474 3089 507 3136 ιο
528 3080 637 3151 autem,
658 3074 736 3149 quod
761 3073 877 3136 bonitas
901 3071 950 3134 illa
972 3073 1053 3134 linita
1077 3080 1173 3136 estet
1196 3074 1296 3152 aliqua
1316 3091 1353 3138 ex
1375 3085 1461 3154 parte

292 3173 439 3245 deficiens,
451 3171 592 3233 voluntati
608 3171 745 3233 obiicitur
760 3178 910 3246 tamqnam
926 3185 981 3231 nou
993 3171 1167 3249 necessaria,
1182 3180 1212 3233 et
1223 3172 1292 3233 talis
1304 3181 1339 3234 ut
1353 3174 1462 3238 merito

290 3270 396 3345 omitti,
421 3276 459 3345 et,
482 3269 506 3329 si
529 3283 596 3330 cum
618 3267 698 3329 rnalo
718 3266 906 3339 admiscetur,
927 3266 993 3328 odio
1012 3267 1101 3329 etiarn
1123 3269 1226 3330 baberi
1251 3270 1356 3346 possit.
1377 3269 1462 3350 Ergo

291 3367 428 3431 uoluntas
442 3367 472 3428 in
494 3365 638 3429 eiusmodi
660 3364 772 3428 obiecta
795 3365 960 3427 necessario
980 3381 1035 3426 non
1051 3363 1158 3439 lertur3
1179 3381 1214 3427 ao
1236 3366 1359 3442 proinde
1378 3369 1406 3430 si
1425 3383 1462 3430 ea

289 3465 382 3544 eligit,
398 3464 463 3527 ideo
484 3463 568 3541 eligit
589 3463 657 3540 quia
679 3462 819 3524 adunam
840 3461 965 3539 optionis
981 3469 1092 3538 partem
1114 3477 1185 3539 prae
1205 3462 1264 3525 alia
1284 3480 1317 3526 sc
1335 3465 1463 3528 inclinat
1578 3520 1579 3523 ,

289 3571 391 3642 sponte
406 3578 469 3624 sua.
491 3560 536 3623 Ex
551 3561 664 3623 obiecto
686 3559 773 3632 enirn,
788 3559 832 3620 sic
846 3575 863 3619 a
879 3560 990 3621 ratione
1012 3560 1168 3636 proposito,
1189 3560 1269 3624 nulla
1290 3562 1390 3640 quoad
1408 3577 1463 3640 ap-

290 3663 459 3738 petitionem
481 3657 649 3720 necessaria
671 3657 874 3720 determinatio
895 3655 1100 3733 proficiscitur.

328 3758 427 3836 Atque
448 3757 522 3818 baec
538 3755 697 3828 sufficiant,
713 3769 781 3816 curn
797 3755 837 3816 sit
852 3755 961 3816 veritas
975 3754 1005 3816 in
1018 3752 1222 3833 Metapbysiea
1238 3755 1298 3819 late
1312 3759 1462 3820 discussa.

272 3877 300 3951 Ἰ
327 3850 374 3917 56.
397 3853 573 3918 Pnorosrrro
594 3849 638 3914 2⁸.
661 3850 772 3929 Actus,
794 3851 859 3912 sine
878 3849 976 3913 bonus
995 3850 1061 3912 sive
1083 3850 1196 3926 mulos,
1221 3851 1343 3916 bomini
1369 3836 1467 3918 boeio?

286 3953 402 4029 agenti,
425 3953 493 4012 iure
513 3950 700 4028 imputatur.

327 4045 412 4111 Prob.
435 4047 578 4124 imputari
598 4054 696 4109 actum
712 4045 787 4108 nihil
809 4044 889 4107 aliud
902 4052 958 4118 est,
979 4058 1068 4121 qnam
1089 4045 1178 4107 alicui
1193 4047 1284 4110 tribui
1307 4056 1468 4129 tamquam

286 4158 355 4206 vero
376 4143 489 4206 auctori
510 4152 539 4206 et
560 4158 675 4205 causae.
699 4143 792 4220 Atqui
814 4144 902 4205 homo
921 4141 1011 4204 libere
1032 4157 1122 4220 agens
1142 4151 1189 4205 est
1209 4161 1279 4207 vere
1300 4154 1409 4211 auctor
1436 4158 1470 4212 et

286 4256 376 4304 causa
397 4241 532 4318 actionis,
555 4255 643 4317 quam
664 4240 748 4314 iacit;
771 4256 807 4301 ιι
828 4240 895 4315 ipso
909 4239 986 4300 enim
1008 4238 1113 4315 pendet
1126 4241 1205 4318 quod
1219 4242 1270 4304 illa
1290 4245 1331 4306 sit
1348 4243 1472 4324 potius,
