3159 4934
303 331 357 387 362
456 344 499 388 rus
516 345 643 388 maronae
660 363 670 372 -
689 345 758 387 rans
774 346 810 387 ιιι.
830 345 873 389 rus
891 344 1120 389 mrnauamorraur
1137 345 1186 391 seu
1204 346 1323 389 erumna

303 459 458 536 pertinere,
479 464 512 520 ut
532 456 754 535 independeutia
775 460 918 536 cuiusque
942 460 1037 538 gentis
1050 464 1080 522 et
1094 474 1165 521 usus
1178 458 1298 533 iurium,
1313 473 1387 538 quae
1400 458 1481 521 inde

303 555 465 629 dimanant,
485 555 642 619 incolumis
656 564 845 619 conservetur
860 554 911 636 (l).

343 649 498 727 Quoniam,
519 663 552 716 ut
572 652 647 727 dixi,
667 653 880 716 consociatione
900 655 958 718 bac
972 655 1103 734 gentium
1125 655 1243 733 propria
1265 654 1417 717 nationum
1435 654 1484 715 in·

303 751 495 829 dependentia
506 766 562 812 uon
574 751 714 824 demitur;
727 751 857 827 prolecto
868 753 1001 825 notescit,
1011 767 1048 814 ex
1058 768 1093 815 ea
1107 768 1163 815 non
1179 750 1298 815 Statum
1314 750 1482 829 quemdam

303 849 456 929 politicum
484 850 641 922 efformari,
667 848 719 911 sed
748 850 846 926 potius
870 849 1148 913 confoederationem
1175 848 1307 928 aliquam
1335 846 1482 911 Statnum

303 948 496 1019 diversorum,
510 963 567 1009 uon
582 961 662 1009 mera
677 953 857 1009 tractatuum
878 947 936 1009 lide
948 947 1000 1010 sed
1015 962 1101 1011 verae
1115 947 1270 1011 cuiusdam
1285 946 1483 1009 auctoritatis

303 1046 444 1124 regimine
464 1045 612 1106 nitentem.
635 1042 674 1106 lit
694 1059 772 1119 saue,
788 1044 866 1121 quod
887 1045 1048 1107 auctoritas
1068 1045 1215 1124 quaedam
1239 1044 1412 1107 necessaria
1431 1045 1485 1117 sit,

303 1140 410 1205 nemini
432 1141 554 1204 dubium
575 1156 640 1203 esse
661 1148 767 1218 potest
788 1142 934 1220 siquidem
953 1142 1100 1205 stabilitas
1121 1142 1233 1205 ordinis
1253 1151 1283 1205 et
1298 1141 1482 1204 harmonica

303 1239 432 1318 partium
446 1239 624 1315 conspiratio
638 1238 740 1301 baberi
754 1240 867 1316 nequit,
881 1240 944 1302 siue
959 1240 1072 1302 unitate
1092 1238 1192 1318 aliqua
1214 1248 1244 1301 et
1268 1239 1416 1317 principio
1431 1254 1483 1301 or-

303 1337 391 1410 dinis,
415 1337 494 1415 quod
522 1336 691 1399 facultatem
719 1337 829 1399 babeat
853 1336 1067 1400 determiuaudi
1095 1338 1202 1412 media,
1228 1354 1304 1417 quae
1325 1338 1366 1399 ad
1385 1339 1481 1403 finem

229 1426 233 1435 ’
302 1433 475 1506 conducant,
495 1440 525 1496 et
546 1434 684 1496 socialem
705 1433 904 1511 operationem
919 1435 1148 1512 praescribendi.

342 1529 390 1593 35.
413 1527 486 1596 Eius
506 1527 702 1615 orpenisnrus
723 1534 871 1616 respectu
885 1528 1006 1598 lormao
1024 1528 1191 1616 repiminis.
1207 1529 1337 1606 Quaeret
1351 1531 1479 1611 aliquis:

302 1630 335 1695 In
355 1646 415 1709 quo
434 1630 568 1693 subiecto
588 1631 716 1692 facultas
737 1631 856 1709 regendi
878 1633 1123 1696 consociationem
1140 1633 1218 1695 hauc
1239 1632 1402 1695 resideret?
1419 1629 1482 1694 Re·

302 1746 387 1809 pono,
406 1730 438 1792 id
454 1728 578 1807 pendere
599 1745 615 1789 a
638 1744 779 1792 consensu
801 1730 962 1803 nationum,
976 1746 1052 1809 quae
1072 1730 1198 1793 invicem
1222 1731 1384 1793 sociantur.
1401 1726 1479 1791 Cum

301 1828 378 1891 enim
406 1827 534 1904 perlecta
559 1827 722 1904 aequalitas
751 1828 792 1889 sit
814 1822 891 1889 'inter
912 1826 993 1901 illas;
1015 1828 1127 1890 nonnisi
1148 1843 1165 1889 a
1187 1827 1282 1891 libera
1302 1827 1478 1889 earumdem

302 1924 451 1988 voluntate
476 1923 633 2001 procedere
658 1932 764 2002 potest,
789 1932 823 1986 ut
848 1940 904 1987 una
929 1933 981 1987 aut
1003 1925 1102 2002 plures
1123 1927 1230 1987 ceteris
1253 1924 1476 2003 praeficiantur,
1567 1974 1568 1977 ,

301 2030 353 2084 aut
368 2037 461 2099 aeque
474 2037 576 2084 omues
589 2021 721 2085 eiusdem
743 2022 932 2085 auctoritatis
946 2024 1018 2085 dant
1034 2022 1193 2100 participes
1213 2023 1243 2083 in
1265 2021 1393 2085 comitiis
1406 2020 1477 2098 qui-

301 2119 426 2183 busdam
441 2116 633 2197 generalibus.
648 2116 844 2197 Quapropter,
859 2128 946 2198 prout
967 2121 1135 2183 nationibus
1149 2120 1305 2198 placuerit,
1324 2117 1478 2199 regiminis

301 2214 534 2281 internetionalis
554 2218 647 2279 iorma
667 2233 733 2279 esse
754 2219 861 2294 poterit
884 2218 1074 2281 monarchica
1097 2226 1148 2279 aut
1170 2216 1371 2295 polyarcbica.

339 2314 440 2393 Atque
460 2315 510 2377 bic
531 2313 635 2375 sedulo
655 2314 865 2376 advertendum
882 2322 937 2393 est,
952 2315 980 2377 in
995 2316 1086 2378 forma
1103 2314 1256 2393 regiminis
1272 2313 1479 2389 diiudicanda,

300 2428 377 2491 quae
398 2413 494 2491 magis
514 2413 645 2475 societati
667 2412 882 2475 interdationali
905 2414 1067 2488 conveniat,
1089 2427 1145 2474 non
1178 2412 1257 2474 idem
1283 2411 1479 2475 ratiocinium

300 2512 365 2573 lieri
386 2526 475 2589 posse
498 2526 534 2573 ac
559 2525 613 2587 pro
638 2509 717 2573 civili
741 2510 919 2572 familiarum
945 2512 1093 2573 societate.
1119 2507 1262 2572 Rationes
1285 2510 1375 2587 euim,
1401 2524 1480 2587 quae

299 2608 458 2671 ostendunt
485 2607 666 2670 dominatum
695 2608 824 2670 omnium
851 2609 997 2671 sociorum
1022 2608 1315 2687 imperfectissimum
1337 2623 1416 2682 esse,
1437 2617 1476 2681 et,

301 2706 445 2783 praecisis
466 2704 705 2779 circumstantiis,
723 2720 826 2782 parum
841 2713 963 2768 naturae
977 2721 1137 2771 consonum
1149 2723 1157 2779 ;
1170 2714 1306 2783 respectu
1322 2705 1477 2768 societatis

302 2803 511 2867 ethnarcbicae
521 2802 640 2864 minime
652 2802 760 2864 valent.
772 2800 855 2865 Haec
866 2803 942 2865 enim
957 2802 1096 2867 coalescit
1109 2803 1289 2875 nationibus
1300 2818 1380 2881 quae
1390 2802 1480 2882 louge

300 2899 455 2976 pauciores
476 2907 544 2962 suut
565 2913 687 2962 numero
706 2908 736 2962 et
756 2916 774 2962 a
795 2900 859 2961 suis
881 2902 1045 2964 rectoribus
1059 2909 1331 2978 repraesentantur,
1353 2902 1406 2979 qui
1428 2917 1481 2979 ge·

299 2995 424 3060 neratim
446 2994 568 3059 scientia
589 3004 620 3059 et
632 2998 742 3059 virtute
757 2998 881 3074 praediti
898 3007 1136 3075 praesumuntur.
1152 2995 1250 3072 Quare
1261 2999 1479 3077 impedimenta
1565 3046 1566 3055 ,

298 3110 336 3158 ex
356 3094 471 3155 deiectu
492 3094 608 3157 debitae
635 3094 812 3173 cognitionis
832 3102 884 3158 aut
904 3112 941 3158 err
963 3095 1090 3159 tumultu
1113 3096 1315 3173 cupiditatum
1337 3104 1368 3158 et
1391 3096 1480 3159 turba

299 3190 477 3254 iudiciorum
499 3189 741 3267 discrepantium,
761 3192 791 3253 in
812 3207 846 3253 ea
867 3194 1006 3256 societate
1030 3194 1150 3256 minime
1173 3194 1302 3257 timenda
1328 3201 1410 3256 snut.
1431 3193 1480 3258 Ex

300 3288 358 3351 alia
379 3304 448 3354 vero
470 3296 560 3366 parte¹
573 3297 799 3352 consentaneum
822 3290 905 3353 valde
926 3290 1051 3363 videtur,
1067 3292 1197 3364 ut,'cum
1221 3306 1323 3353 omnes
1336 3292 1478 3355 nationes

300 3386 378 3449 idem
399 3386 446 3448 ius
467 3400 568 3449 secum
589 3386 683 3448 ierant
703 3388 733 3448 in
755 3387 895 3450 societate
917 3388 973 3450 bac
996 3387 1155 3450 universali
1180 3389 1381 3464 edormanda;
1397 3390 1478 3452 idem

301 3484 348 3546 ius
369 3485 512 3546 retineant
533 3484 563 3545 iu
584 3490 731 3562 potestate
752 3484 959 3547 communibus
979 3485 1239 3550 deliberationibus
1260 3488 1439 3550 exercenda.
1564 3472 1565 3487 ¹

347 3735 382 3795 tl)
398 3736 521 3798 Apposite
532 3732 700 3798 Taperalliun:
720 3732 762 3781 «ll
780 3733 867 3783 diritto
883 3733 985 3784 ciricoe
1000 3734 1017 3783 il
1034 3734 1113 3783 cirico
1125 3748 1232 3797 operare
1245 3734 1365 3783 debbono
1384 3735 1482 3783 mirere

300 3812 326 3860 in
343 3815 424 3876 primo
441 3813 517 3875 luogo
534 3814 567 3863 ed
582 3802 725 3862 assicurare
741 3828 757 3861 e
773 3813 876 3861 ciascun
894 3815 1022 3863 associato
1035 3814 1063 3862 la
1080 3829 1127 3863 sue
1144 3815 1284 3863 asistente:
1301 3815 1337 3877 gli
1353 3816 1480 3866 associati

301 3891 366 3941 della
382 3894 513 3942 etuarcbiu
528 3893 637 3942 essendo
654 3894 762 3949 nunioni,
771 3892 796 3941 la
807 3893 888 3942 civica
900 3894 1049 3957 operezione
1061 3893 1086 3941 di
1099 3892 1129 3942 lei
1142 3894 1222 3943 dovre
1236 3894 1340 3959 dunque
1353 3895 1452 3944 mirere
1464 3910 1480 3943 a

300 3971 398 4020 salvare
415 3986 431 4020 a
446 3973 679 4021 ciascunanazione
696 3972 720 4021 le
731 3987 779 4021 sua
789 3973 924 4023 esisteona.
936 3972 972 4021 Or
987 3972 1012 4022 la
1028 3973 1154 4022 esistenaa
1169 3973 1194 4021 di
1212 3988 1264 4022 une
1282 3974 1393 4023 nacione
1411 3973 1479 4024 altro
1563 3992 1564 4009 ι

301 4064 351 4098 non
369 4053 477 4102 essendo
488 4053 534 4100 che
549 4052 687 4101 l’artuetita
699 4051 738 4101 del
755 4066 803 4101 suo
819 4066 913 4109 essere,
929 4052 968 4115 pel
985 4052 1059 4116 quale
1070 4052 1116 4101 ella
1134 4054 1149 4100 e
1165 4053 1262 4102 sociotd
1279 4053 1483 4116 indipendeute;

301 4127 326 4175 lo
342 4142 420 4189 scopo
435 4130 603 4193 dell'operare
619 4132 766 4180 etnarcbico
782 4135 843 4181 sard
859 4132 883 4180 di
899 4146 1053 4181 conservare
1069 4148 1085 4181 a
1102 4132 1223 4181 ciascuue
1240 4133 1304 4181 delle
1323 4133 1397 4196 genti
1409 4148 1483 4182 asso·

300 4207 367 4254 ciete
383 4205 407 4253 la
423 4223 470 4257 sna
485 4210 557 4272 unite
571 4211 672 4260 interna
687 4227 701 4261 e
718 4211 742 4261 la
757 4227 805 4261 sua
820 4220 922 4262 esterna
939 4212 1129 4276 indipendenrn.
1141 4231 1155 4259 »
1175 4212 1276 4277 Sappio
1295 4214 1420 4263 teorett'co
1430 4230 1481 4263 ecc.

300 4284 407 4333 Dissert.
424 4284 466 4345 Vl,
482 4300 503 4335 c.
519 4285 543 4345 3,
560 4302 577 4335 a
593 4288 614 4339 1.
943 4279 951 4297 '
