3159 4934
414 330 498 374 onrur
516 332 533 374 1.
551 333 586 375 na
604 331 663 374 stus
680 331 852 376 oennarrorus
870 333 997 378 nnuman
1255 322 1290 377 19

114 452 199 505 esset
221 442 293 506 velle
314 443 454 530 delectari
474 452 508 506 ut
529 445 636 508 bonum
651 445 863 522 adipiscamur,
878 461 946 508 cum
961 445 1116 510 delectatio
1131 448 1208 510 hanc
1222 448 1291 511 ade·

116 541 249 618 ptionem
265 541 431 621 sequatur);
448 543 499 604 sed
515 550 666 622 tamquam
680 543 804 606 effectus
816 550 934 623 propter
948 559 1081 616 causam;
1098 560 1198 607 reuera
1212 546 1289 608 enim

114 639 275 701 delectatio
292 656 308 701 a
324 639 402 702 bono
418 655 554 717 possesso
567 641 756 719 ingeneratur
769 642 808 703 ab
821 656 912 718 eoque
934 641 1060 719 speciem
1075 650 1105 703 et
1118 658 1288 705 mensuram

113 733 237 814 accipit.
259 734 357 808 Quare
379 738 477 799 solum
498 738 652 800 honestum
674 737 731 800 tale
752 745 806 814 est,
825 747 858 800 ut
878 738 991 801 ratione
1005 739 1051 800 sui
1066 739 1095 800 in
1112 740 1229 817 proprio
1242 755 1290 803 or-

115 835 188 896 dine
209 837 419 913 appetitinnem
451 836 597 910 terminet,
618 838 751 916 quamvis
779 852 847 900 cum
869 836 1060 900 delectatione
1084 838 1287 915 coniungatur.

114 930 224 1012 Ipsum
244 934 335 1012 igitur
357 935 474 1011 proprie
495 934 584 997 habet
605 935 746 996 rationem
768 935 844 996 linis.
973 1007 984 1029 ⁶

158 1025 188 1094 9.
206 1027 403 1096 ttilritominus
426 1029 572 1115 uoluptas
593 1027 684 1098 etiam
701 1029 865 1118 participat
879 1029 1028 1099 rationem
1045 1029 1127 1100 inis.
1143 1031 1287 1108 Quoniam

117 1138 153 1190 ut
168 1127 346 1206 explicatum
368 1136 422 1208 est,
445 1128 579 1208 voluptas
593 1129 682 1191 etiam
698 1145 750 1194 suu
765 1130 852 1192 modo
866 1130 1073 1208 appetitionem
1094 1133 1242 1205 terminat,
1256 1141 1290 1193 ut

114 1227 204 1304 quies
229 1228 368 1288 terminat
392 1233 521 1300 motum,
546 1227 673 1289 efficitur
692 1228 761 1290 hinc
783 1235 816 1289 ut
837 1228 926 1291 homo
952 1228 1132 1306 voluptatem
1156 1239 1289 1306 spectare

115 1324 223 1402 possit,
243 1339 298 1386 nnn
320 1325 408 1386 modo
431 1332 581 1402 tamquam
603 1324 818 1387 consectarium
842 1325 1007 1402 adeptionis
1028 1327 1106 1401 boui,
1127 1327 1289 1389 sedetiam

116 1431 270 1501 tamquam
292 1422 332 1496 id,
354 1423 440 1485 euius
462 1423 558 1501 gratia
579 1431 723 1500 operetur.
740 1419 837 1495 Quare
852 1425 925 1486 haec
939 1424 997 1486 dno
1012 1432 1138 1498 tantum,
1154 1423 1289 1502 uoluptas

112 1531 145 1582 et
162 1522 328 1594 honestum,
349 1521 494 1583 rationem
517 1521 584 1582 duis
605 1521 713 1584 habere
735 1529 871 1598 possunt:
894 1517 954 1598 illa',
976 1522 1093 1600 quidem
1115 1522 1289 1600 plerumque

115 1625 317 1696 praepostere,
338 1634 454 1696 semper
476 1629 571 1682 tamen
593 1620 689 1682 minus
711 1619 838 1698 perfecte
852 1617 904 1698 (l),
925 1621 982 1682 huc
1002 1627 1101 1682 autem
1122 1620 1187 1682 inre
1200 1621 1290 1682 meri·

111 1726 216 1796 toque.
231 1715 308 1779 Hinc
330 1725 422 1795 patet,
443 1718 590 1780 homiuem
611 1717 855 1797 quotiescumque
876 1726 1024 1795 operatur,
1041 1732 1158 1794 semper
1178 1727 1230 1780 ant
1251 1719 1288 1780 ab

111 1816 271 1878 honestate
291 1824 343 1877 aut
364 1831 380 1876 a
401 1815 553 1892 voluptate
575 1815 693 1878 moveri.

66 1899 112 2042 ig
157 1910 205 1977 ro.
223 1913 337 1980 Bonum
361 1910 503 1980 ultimum
525 1910 745 1999 appetitionum
761 1919 937 1981 ondrarum
952 1918 1001 1981 eat
1014 1911 1159 1981 telicitas.
1174 1912 1287 1978 Verum

107 2016 141 2076 in
158 2013 296 2076 omnibus
310 2013 358 2074 iris
372 2013 613 2091 appetitionibus,
629 2013 689 2076 sive
704 2014 870 2087 honesturn,
889 2013 951 2076 sive
966 2013 1102 2091 voluptas
1115 2021 1287 2091 quaeratur,

108 2113 145 2174 id
159 2109 242 2189 quod
258 2110 389 2172 funditus
411 2109 549 2174 sollicitat
570 2113 699 2174 animum
714 2112 897 2189 habeturque
912 2111 1002 2173 veluti
1023 2111 1119 2188 prima
1139 2111 1235 2185 radix,
1251 2127 1287 2174 ex

107 2224 175 2286 qua
196 2207 292 2270 omnis
314 2208 454 2285 appetitio
476 2207 606 2285 pullulet,
621 2216 668 2270 est
688 2224 771 2270 amor
787 2208 939 2271 felicitatis
961 2207 1121 2286 generatim
1137 2217 1286 2286 acceptae.

109 2303 206 2368 Porro
226 2304 342 2368 nomine
363 2305 516 2368 felicitatis
530 2305 704 2384 intelligitur
718 2307 826 2368 bonnm
844 2306 989 2392 optimum
1011 2314 1039 2368 et
1062 2307 1233 2388 perfectum,
1254 2307 1284 2368 in

107 2403 201 2466 cuins
214 2405 398 2481 possessione
417 2405 534 2466 animus
555 2405 670 2480 penitus
690 2405 889 2482 conquiescat.
910 2399 1090 2478 Restitutio,
1106 2404 1147 2465 ait
1163 2402 1192 2466 S.
1208 2402 1287 2467 Tho·

109 2517 192 2575 maa,
205 2505 252 2564 esi
265 2499 377 2564 bonum
390 2501 565 2582 perfectum
579 2502 661 2581 quod
674 2501 812 2565 totaliter
826 2501 945 2581 quietat
958 2502 1131 2581 appetitum
1145 2498 1197 2581 (⁶2).
1212 2500 1286 2564 Eius
1337 2492 1341 2500 ’

107 2601 208 2678 igitur
222 2615 305 2664 amor
326 2612 369 2662 est
391 2600 488 2678 prima
503 2601 587 2663 radix
602 2601 813 2678 appetitionum
828 2607 1005 2673 nostrarum,
1019 2615 1087 2662 eum
1102 2599 1240 2676 respiciat
1254 2601 1283 2661 id

105 2698 195 2776 quod
215 2697 389 2776 simpliciter
409 2706 439 2760 et
460 2697 592 2762 absolute
619 2705 739 2776 propter
764 2712 795 2760 se
815 2697 973 2775 appetitur,
994 2705 1024 2760 et
1044 2698 1129 2759 cuius
1151 2696 1284 2774 impulsu

106 2803 214 2858 cetera
235 2795 407 2874 diliguntur.
1142 2801 1148 2814 ⁴

147 2893 193 2957 Et
214 2909 293 2969 sane,
316 2893 370 2955 nisi
388 2908 545 2972 processus
560 2895 622 2957 sine
637 2893 779 2972 principio
794 2901 823 2957 et
837 2895 961 2958 effectus
976 2895 1039 2957 sine
1059 2910 1147 2957 causa
1166 2893 1284 2956 admitti

102 2993 194 3067 velit,
210 2992 397 3055 statuendum
414 3000 494 3055 certe
508 3001 553 3054 est
568 2999 704 3072 respectu
725 2993 936 3072 appetitionum
958 2994 1154 3055 humanarum
1177 2994 1284 3055 bonum

108 3090 249 3170 aliquod,
266 3089 345 3169 quod
366 3107 422 3154 nou
443 3090 576 3153 adalind
598 3092 748 3168 reteratur,
764 3092 817 3154 sed
830 3091 965 3154 absolute
985 3100 1099 3154 ametur
1121 3099 1240 3169 propter
1254 3106 1286 3153 se

154 3268 193 3330 (1)
210 3267 237 3315 ld
249 3267 307 3326 dixi,
319 3268 377 3330 quin
389 3266 411 3316 si
422 3267 498 3316 homo
509 3265 541 3314 ad
552 3265 709 3330 operandum
720 3281 736 3316 a
747 3267 880 3330 voluptate
896 3267 938 3317 illa
953 3272 1095 3325 moveatur,
1106 3281 1174 3330 qnae
1190 3268 1285 3315 bonum

100 3347 213 3412 aliquod
229 3346 365 3396 honestum
384 3347 554 3410 consequitur,
571 3346 639 3410 quod
655 3347 680 3395 in
698 3361 744 3396 sno
761 3347 850 3396 ordine
870 3349 996 3396 rationem
1012 3349 1106 3396 habeat
1123 3347 1195 3407 tinis;
1209 3345 1284 3394 modo

103 3429 140 3478 ab
152 3427 294 3478 intentione
307 3442 353 3476 sua
363 3442 415 3476 non
427 3426 543 3476 excludet
553 3427 636 3492 ipsum
648 3427 793 3487 honestum,
803 3443 884 3492 neque
901 3427 961 3478 illud
977 3428 1011 3477 ad
1022 3427 1179 3491 voluptatem
1190 3426 1284 3485 dirigat

101 3509 186 3570 quasi
201 3507 324 3568 medinm3
341 3507 493 3572 imperfecta,
505 3507 605 3571 quidem
621 3508 676 3556 eius
693 3509 740 3558 erit
756 3508 880 3572 operatio,
891 3509 934 3558 sed
952 3509 1043 3558 vitiosa
1058 3507 1107 3557 dici
1123 3522 1174 3556 non
1193 3511 1285 3572 potest⁸

103 3589 191 3651 ldque
207 3593 259 3636 tum
275 3588 366 3650 magis,
377 3603 435 3663 cum
451 3602 495 3652 spe
512 3587 648 3651 voluptatis
660 3588 740 3637 utitur
750 3595 880 3652 tamqnam
891 3587 1034 3652 impellente
1051 3588 1084 3636 ad
1100 3603 1128 3636 so
1143 3585 1241 3637 facilius
1257 3592 1283 3633 et

101 3666 241 3732 gradatim
255 3666 430 3716 inclinandum
446 3667 473 3716 in
489 3681 603 3718 amorem
618 3667 718 3718 honesti
735 3683 780 3732 per
796 3683 825 3718 se
836 3669 951 3732 spectati.
968 3668 1081 3718 doratio
1097 3674 1144 3727 est,
1160 3667 1219 3730 qnia
1235 3680 1282 3714 vo·

101 3749 194 3811 luptas
207 3748 318 3810 speciem
331 3749 421 3812 accipit
432 3748 465 3796 ab
477 3749 582 3806 obiecto,
594 3763 625 3797 ex
637 3749 709 3798 onius
719 3748 882 3812 possessione
894 3750 1014 3813 carpitur.
1026 3749 1110 3805 Quare
1121 3748 1143 3797 si
1154 3747 1282 3797 obiectum

102 3831 247 3877 honestum
260 3834 311 3886 ost,
327 3827 383 3891 ipsa
400 3842 500 3890 quoque
515 3829 658 3878 honestetis
674 3838 716 3876 est
727 3829 865 3891 particeps3
881 3834 909 3877 et
924 3828 1037 3892 proinde.
1048 3828 1095 3876 nisi
1112 3841 1178 3874 nova
1194 3827 1286 3877 adiun-

101 3913 186 3971 gatar
196 3906 359 3964 inordinatio,
370 3908 494 3956 terminus
511 3909 618 3958 aetionis
635 3908 683 3956 sub
699 3909 748 3956 hoc
763 3914 881 3972 respectu
897 3923 953 3956 esse
971 3912 1062 3970 potest.
1073 3908 1108 3953 At
1122 3906 1142 3954 si
1157 3905 1284 3956 obiectum

100 3989 166 4038 utile
183 3993 286 4036 tentum
303 3991 431 4050 astatque
447 4003 463 4036 e
480 3993 571 4036 natura
582 3988 742 4051 propositum
753 3993 883 4050 tamqnam
899 3986 1013 4035 medium
1024 3984 1057 4034 ad
1069 3986 1166 4035 bonum
1179 3986 1283 4050 aliquod

100 4067 317 4130 adipiscendum
334 4073 395 4116 tuno
411 4067 534 4132 voluptas,
551 4083 616 4132 quae
633 4067 803 4130 consequitur,
819 4067 932 4116 utilitatis
949 4067 1026 4121 etiam
1045 4068 1171 4117 rationem
1187 4067 1281 4125 induit,

100 4163 188 4212 eaque
208 4147 244 4196 uti
260 4148 337 4196 homo
359 4153 452 4211 potest,
468 4149 583 4212 quamvis
607 4149 655 4196 sub
676 4146 774 4210 legibus
790 4145 980 4211 temperantiae.
1001 4145 1096 4198 Confer
1115 4147 1141 4198 S.
1157 4147 1286 4197 Tuomst»

106 4232 230 4280 Summo
246 4229 285 4278 tlt.
301 4227 339 4278 2²
354 4228 403 4278 23²
420 4244 443 4292 q.
460 4229 554 4284 CXLII,
569 4243 592 4277 a.
609 4227 632 4275 1.

154 4309 192 4372 (2)
212 4310 327 4359 Summo
344 4310 379 4358 tn.
392 4307 428 4358 l?
443 4307 491 4358 2²⁸.
509 4323 532 4371 q.
543 4309 572 4366 ll,
588 4323 611 4357 a.
622 4306 644 4356 8.
701 4342 704 4348 .
