3159 4934
868 312 1005 355 uthica

828 566 997 631 Aarrcunus
1019 566 1041 631 Ι.

687 717 736 780 De
756 717 821 797 fine
841 716 974 783 comtos
991 719 1177 799 pancration.

304 877 320 985 ⁴
387 914 415 978 3.
428 915 521 982 llorno
534 920 682 1000 operator
692 911 880 1002 appetitione
892 912 970 982 honi.
985 914 1142 979 Hominem
1156 917 1195 979 ad
1209 918 1389 995 operandum
1404 919 1515 997 impelli

347 1024 380 1078 ut
402 1016 509 1078 honum
530 1020 704 1091 assequatur
726 1013 895 1091 malumque
915 1012 1050 1087 declinet,
1068 1015 1181 1076 iactum
1195 1014 1344 1093 quoddam
1359 1025 1404 1078 est
1418 1032 1472 1096 per
1486 1033 1516 1079 se

346 1120 457 1185 notum,
477 1113 557 1191 quod
571 1111 819 1174 demonstratione
833 1127 889 1173 nou
903 1118 977 1189 eget.
997 1109 1205 1186 Nihilominus,
1219 1113 1289 1191 quia
1304 1114 1515 1177 demonstratio

347 1227 414 1274 curn
436 1210 604 1274 huiusmodi
626 1210 715 1273 etiam
737 1209 913 1272 veritatibus
934 1224 986 1287 per
1007 1223 1038 1271 se
1059 1210 1136 1271 notis
1156 1209 1324 1285 adhibetur,
1349 1212 1405 1274 hoc
1428 1213 1517 1276 habet

345 1309 542 1382 emolumenti,
556 1317 590 1370 ut
603 1324 653 1370 eas
668 1307 806 1380 declaret,
817 1307 1018 1384 rationemque
1033 1307 1138 1369 aderat
1150 1323 1203 1370 cur
1217 1308 1259 1370 ita
1271 1310 1341 1384 sint;
1359 1320 1513 1389 propterea

347 1422 409 1469 rem
433 1408 521 1481 hanc,
540 1405 611 1468 licet
632 1421 683 1484 per
705 1421 737 1469 se
758 1412 916 1483 patentem,
937 1403 1158 1468 ratiocinatione
1178 1404 1277 1484 aliqua
1302 1407 1516 1472 collustremus.

386 1499 481 1566 Homo
501 1502 612 1569 idcirco
631 1503 670 1564 ad
691 1495 870 1580 operandum
888 1509 1031 1575 moretur,
1046 1502 1115 1579 quia
1131 1504 1308 1579 perfectione
1322 1503 1421 1584 aliqua
1435 1518 1515 1569 earet

347 1601 404 1664 sihi
425 1611 628 1674 consentanea,
642 1615 678 1662 ex
692 1601 778 1663 cuius
796 1598 941 1662 desiderio
954 1599 1140 1663 sollicitatur.
1156 1597 1241 1662 Illam
1257 1602 1347 1681 igitur
1362 1604 1432 1666 dum
1451 1622 1516 1683 ope-

346 1700 436 1763 rando
466 1698 583 1776 assequi
615 1697 727 1773 nititur,
750 1697 779 1758 in
802 1699 910 1760 honum
929 1696 1052 1766 nititur.
1075 1696 1116 1762 Ut
1145 1698 1281 1762 eulmen
1311 1699 1516 1781 Metaphysiea

345 1805 469 1871 constat,
490 1796 632 1874 quidquid
654 1803 774 1862 naturae
796 1794 941 1876 congruit,
961 1796 1118 1874 ipsamque
1137 1797 1263 1873 perlicit,
1284 1799 1393 1862 bouum
1423 1800 1515 1864 nomi-

346 1903 443 1957 natur.

345 1973 448 2154 (Nec
468 1992 538 2069 fingi
561 1998 658 2068 potest
678 1991 845 2053 subiectum
866 2006 990 2068 operans
1010 1992 1184 2055 naturaliter
1203 1995 1382 2071 propendere
1403 1997 1435 2060 in
1456 2014 1514 2058 ma·

378 2105 421 2162 m;
443 2089 588 2166 siquidem
612 2089 765 2166 propensio
786 2088 939 2163 naturalis,
961 2104 1029 2150 cum
1050 2104 1086 2151 cx
1107 2090 1242 2153 subiecto
1263 2092 1397 2168 pullulet,
1421 2095 1514 2156 eidem
1567 2086 1568 2159 j

345 2187 503 2252 couiormis
523 2202 586 2249 esse
601 2185 701 2261 dehet;
717 2187 818 2264 nequit
832 2194 930 2249 autem
948 2186 1182 2250 conformitatem
1203 2190 1280 2251 hanc
1301 2191 1437 2265 retinere,
1462 2193 1516 2253 nisi

344 2296 488 2367 quatenus
508 2286 537 2347 in
559 2285 589 2346 id
609 2286 730 2366 iuratur,
761 2285 841 2361 quod
872 2285 1005 2348 subiecto
1036 2285 1148 2348 ratione
1174 2285 1271 2364 aliqua
1301 2296 1450 2361 consonet,
1481 2306 1515 2350 ac
1567 2280 1569 2285 ’

345 2386 466 2464 proinde
487 2384 694 2461 perlectionem
715 2382 853 2445 adducat.

384 2484 579 2562 Propensione
599 2483 628 2544 in
651 2482 758 2544 honum
773 2481 899 2560 vigente,
913 2483 1049 2545 continno
1063 2482 1224 2546 innascitur
1237 2484 1308 2562 iuga
1322 2483 1406 2556 mali;
1423 2486 1515 2563 siqui-

344 2584 410 2646 dem
431 2583 470 2661 id,
491 2582 569 2661 quod
591 2586 734 2654 movetur,
754 2579 855 2658 nequit
876 2578 914 2641 ad
928 2579 1106 2643 alterutrum
1121 2597 1138 2642 e
1152 2581 1269 2644 duobus
1290 2581 1436 2658 oppositis
1461 2594 1518 2644 ter-

344 2680 431 2742 minis
452 2679 601 2750 accedere,
622 2679 693 2756 quin
714 2677 769 2744 hoc
790 2678 856 2754 ipso
877 2678 997 2740 recedat
1017 2678 1055 2740 ab
1076 2677 1143 2741 alio.
1166 2676 1264 2741 Nemo
1277 2687 1378 2740 autem
1400 2678 1519 2757 ignorat
1566 2752 1567 2761 ἵ

345 2778 418 2841 hono
437 2776 549 2839 malum
571 2776 720 2840 adversari
741 2775 864 2853 eiusque
885 2775 1046 2854 privatione
1068 2775 1220 2838 constitui.
1252 2766 1256 2777 ’
1566 2788 1568 2857 g

383 2873 467 2948 Quod
489 2876 513 2937 si
534 2876 650 2953 quando
672 2875 789 2937 videtur
810 2874 898 2936 homo
919 2874 1097 2952 appetitione
1111 2892 1165 2936 sua
1181 2875 1211 2935 in
1225 2874 1338 2936 malum
1361 2875 1443 2956 terri,
1462 2876 1519 2937 hoc
1566 2864 1568 2879 ἶ

343 2974 408 3037 ideo
428 2981 475 3036 est
495 2973 564 3051 quia
587 2980 671 3049 putat
692 2972 766 3034 illud
780 2987 836 3034 non
851 2988 918 3034 esse
940 2970 1052 3034 malum
1074 2974 1126 3035 sed
1147 2973 1264 3036 honum.
1280 2996 1298 3030 «
1314 2972 1388 3036 Cum
1404 2975 1517 3038 honum

344 3072 460 3150 proprie
472 3066 537 3149 '(sic
558 3069 587 3134 S.
603 3067 733 3134 Thomas
753 3085 900 3148 exponens
915 3068 1114 3149 Aristotelem)
1130 3072 1170 3132 sit
1188 3072 1332 3134 motivum
1353 3075 1518 3150 appetitus,

342 3169 519 3233 describitur
541 3169 648 3231 bonurn
671 3183 721 3245 per
744 3179 857 3232 motum
879 3168 1037 3245 appetitus,
1059 3169 1137 3231 sicut
1161 3168 1236 3232 solet
1264 3170 1449 3232 manifestari
1473 3173 1518 3232 vis
1565 3218 1566 3225 ,

344 3265 452 3331 motiva
474 3283 526 3346 per
547 3272 666 3330 motum.
688 3265 728 3330 Et
748 3265 814 3328 ideo
834 3264 1002 3345 philosophi
1035 3267 1108 3329 hene
1138 3266 1380 3345 enunciaverunt,
1405 3269 1518 3330 honum
1565 3306 1566 3309 =

341 3382 405 3431 esse
429 3366 460 3428 id
479 3364 557 3442 quod
578 3365 676 3428 omnia
700 3371 850 3442 appetunt.
872 3361 934 3426 Nec
954 3371 1001 3425 est
1022 3364 1160 3426 instantia
1190 3363 1226 3426 de
1255 3365 1437 3442 quibusdam
1464 3367 1516 3433 rui

342 3470 484 3544 appetunt
504 3462 623 3528 malum.
645 3459 720 3534 Quia
742 3477 799 3524 non
819 3469 962 3538 appetunt
982 3460 1104 3535 malum,
1118 3461 1174 3522 nisi
1191 3463 1247 3525 suh
1263 3461 1373 3548 ratione
1390 3464 1473 3538 honi,
1491 3466 1519 3526 in
1565 3478 1567 3517 :

341 3571 484 3643 quantum
506 3560 620 3624 scilicet
639 3561 810 3622 existimant
831 3559 908 3621 illud
927 3560 1050 3632 honum;
1072 3565 1103 3622 et
1124 3560 1167 3622 sic
1187 3560 1309 3623 intentio
1330 3576 1516 3652 eorumper

342 3681 374 3725 se
395 3664 486 3740 iprtur
508 3660 546 3722 ad
567 3661 689 3733 honum;
709 3659 763 3721 sed
781 3665 837 3735 per
857 3655 998 3720 occidens
1019 3657 1098 3720 cadit
1120 3674 1210 3736 supra
1232 3657 1344 3720 rnalum
1362 3657 1413 3738 (i).
1432 3682 1450 3716 »

354 3757 409 3823 fl.
424 3752 594 3825 Tendentia
608 3751 637 3820 ln
653 3753 764 3821 honum
779 3752 956 3821 communis
971 3757 1019 3820 est
1031 3751 1150 3820 entibus
1165 3753 1315 3821 omnihus.
1332 3752 1398 3818 Non
1414 3758 1515 3820 solum

328 3810 439 3938 thoano,
460 3858 513 3921 sed
534 3872 581 3919 res
604 3854 766 3916 mundanae
785 3869 887 3916 omnes
908 3856 937 3916 in
958 3853 1067 3915 bonum
1091 3854 1240 3928 nituntur;
1262 3854 1410 3933 siqnidem
1433 3856 1523 3932 ipsae
1564 3902 1565 3905 ,

342 3970 458 4034 quoque
478 3955 549 4016 dum
571 3959 739 4032 operantur,
754 3952 873 4029 assequi
894 3958 1041 4030 quaerunt
1062 3950 1173 4029 aliquid
1195 3951 1251 4014 sibi
1275 3954 1463 4039 conr‘aafens.
1481 3954 1523 4014 At
1564 3964 1565 3969 ’

341 4055 370 4114 in
386 4053 482 4126 modo,
496 4066 555 4130 qno
568 4052 597 4113 id
611 4053 733 4124 iaciunt,
748 4050 832 4112 valde
845 4049 994 4112 differunt.
1009 4045 1098 4110 Entia
1112 4049 1199 4126 enim,
1211 4048 1376 4126 cognitione
1393 4064 1521 4126 prorsus
1564 4050 1566 4141 ζ

341 4151 493 4224 destituta,
507 4149 638 4226 impulsu
653 4157 768 4212 tantum
782 4147 907 4211 naturali
923 4147 1064 4209 teruntur.
1077 4143 1166 4208 Vires
1181 4145 1269 4220 enim,
1284 4146 1395 4224 quihus
1411 4157 1521 4224 agunt,

286 4263 288 4268 '
389 4281 422 4342 (τ)
440 4281 466 4328 τη
484 4281 501 4328 r.
519 4281 688 4330 ceraseorum.
705 4279 764 4330 leet.
780 4281 799 4329 1.
