3159 4934
282 348 366 390 CAPUT
386 347 411 390 11.
429 350 464 391 DE
482 349 645 392 oratiomodo
663 349 773 392 flumenin
792 347 878 389 endor
897 345 1047 392 osmundum
1066 348 1094 390 IN
1100 338 1190 392 'FINEM
1287 339 1322 396 43

149 461 288 539 rationes,
311 477 378 523 cum
400 469 572 540 congruunt,
594 463 639 527 vel
660 465 827 540 discrepant
847 470 977 541 natiuae,
1000 480 1060 542 qua
1083 464 1156 527 iilud
1181 466 1318 542 specifice

149 563 275 620 constat.
290 557 333 622 At
353 561 450 633 homo,
471 577 529 638 qua
545 562 632 624 homo
654 568 709 634 cst,
725 562 837 624 ratione
851 563 1051 640 constituitur,
1068 573 1097 624 et
1118 564 1231 625 ratione
1253 563 1322 626 duci

150 656 238 718 debet
255 657 284 718 iu
305 658 460 734 operando.
483 657 561 738 Ergo
582 660 645 722 eius
666 661 797 722 actiones
819 660 911 722 bonae
930 668 1018 722 eruut
1037 661 1081 723 uel
1106 662 1211 735 malae,
1235 671 1323 740 prout

149 753 235 816 iuxta
258 753 303 816 vel
317 765 417 818 contra
432 756 579 818 dictamen
593 764 622 819 et
636 757 757 820 ductum
773 758 896 819 rationis
910 759 992 819 iiuut.
1010 757 1051 820 At
1066 760 1142 822 ratio
1156 760 1213 822 hoc
1228 759 1322 822 dietat

152 859 188 913 ut
201 852 390 938 ordosrerum
412 861 553 927 servetur,
574 855 658 932 eique
679 856 767 917 homo
788 867 820 917 se
840 861 1025 931 attemperet,
1046 863 1080 916 ut
1101 856 1252 918 harmonia
1269 856 1323 918 illa

151 950 286 1011 renident
299 949 328 1011 iu
350 951 466 1013 actibus
487 952 655 1027 uoluntatis,
676 969 764 1030 quam
787 969 886 1015 rerum
901 961 1005 1014 natura
1020 954 1087 1026 iert,
1110 969 1145 1016 ac
1165 969 1322 1030 supremus

152 1045 269 1122 Artifex
292 1047 423 1110 intendit.
440 1047 516 1112 Huic
533 1050 624 1128 igitur
645 1051 779 1124 ordini,a
798 1050 857 1119 Deo
878 1053 967 1114 rehus
988 1052 1127 1128 imposito
1148 1060 1178 1114 et
1199 1067 1254 1128 ope
1274 1068 1323 1113 ra·
1411 1071 1413 1076 ·

153 1145 242 1207 tionis
263 1145 463 1220 innotescent,
485 1163 644 1211 consonare
665 1149 794 1211 actiones
816 1151 962 1212 humanae
982 1149 1099 1223 dehent,
1121 1156 1154 1211 ut
1175 1150 1323 1212 homiuem

151 1243 284 1318 deceant,
308 1252 394 1320 prout
415 1245 503 1307 homo
523 1255 578 1318 est,
606 1263 640 1310 ac
663 1246 781 1324 proinde
803 1247 895 1309 honae
925 1255 955 1308 et
983 1247 1125 1309 honestae
1146 1249 1321 1311 habeantur.

153 1328 274 1416 Contra,
295 1343 320 1404 si
339 1352 535 1422 repugnantes
556 1344 598 1406 illi
619 1354 696 1418 sunt,
718 1345 830 1406 malitia
853 1347 1059 1422 turpabuntur.

196 1438 282 1503 Proh.
304 1442 432 1503 secunda
455 1458 533 1520 pars.
555 1440 634 1506 Ordo
655 1459 753 1505 rerum
777 1443 881 1520 pendet
900 1461 918 1505 a
939 1443 1036 1506 divina
1057 1444 1201 1521 sapientia
1222 1454 1252 1507 et
1275 1446 1327 1506 ho'-

151 1539 256 1602 nitate.
280 1537 392 1602 Rerum
416 1541 493 1602 enim
517 1551 639 1604 naturae
660 1551 689 1604 et
709 1543 776 1604 inde
797 1551 986 1620 exsurgentes
1008 1542 1162 1604 relationes
1184 1557 1203 1603 a
1226 1543 1325 1606 divino

153 1636 305 1698 intellectu
326 1637 482 1712 dictantur,
504 1639 632 1701 divinam
654 1641 810 1702 essentiam
836 1640 1057 1716 contemplante.
1079 1639 1160 1718 Ergo
1183 1641 1239 1702 hoc
1261 1641 1327 1725 ipso

73 1810 77 1815 .
154 1733 236 1812 quod
259 1735 407 1797 actionum
436 1738 630 1800 humanarum
656 1737 807 1798 moralitas
831 1737 999 1799 immediate
1024 1738 1129 1814 pendet
1157 1739 1195 1800 ab
1224 1737 1326 1800 ordine

154 1832 302 1896 obiectivo
318 1850 425 1908 rerum,
437 1835 562 1897 mediate
578 1836 682 1913 pendet
696 1853 713 1898 a
728 1836 826 1897 divina
842 1838 984 1914 sapientia
1000 1854 1076 1914 quae
1090 1837 1221 1899 ordinem
1234 1836 1319 1898 ilium

153 1930 259 2003 dictat,
280 1947 316 1993 eu
336 1932 444 1993 intuitu
470 1932 585 1995 divinae
614 1933 761 1999 honitatis.
788 1931 935 2023 Sapientia
960 1945 1058 1997 autem
1081 1932 1152 2042 Dei,
1177 1941 1336 2012 quatenus.

154 2047 256 2094 rerum
277 2031 406 2094 ordinem
429 2032 531 2105 dictat,
553 2031 599 2094 lex
621 2040 737 2094 aeterua
759 2032 936 2095 nominatur.

197 2126 359 2206 Praeterea,
382 2129 533 2191 moralitas
554 2130 659 2206 pendet
639 2105 732 2192 ah
734 2127 856 2192 ordine
860 2137 959 2192 rernm
980 2138 1124 2207 quatenus
1143 2131 1192 2192 hic
1213 2129 1286 2193 ordo
1305 2146 1323 2191 a

156 2226 270 2289 ratione
291 2227 520 2304 apprehenditur
540 2236 570 2290 et
590 2225 732 2290 voluntati
753 2228 935 2304 proponitur.
952 2223 1009 2289 Sed
1030 2228 1106 2290 ratio
1120 2229 1150 2288 in
1165 2235 1281 2288 tantum
1297 2227 1329 2288 id

156 2331 301 2402 praestat,
321 2325 358 2386 in·
371 2321 512 2403 quantum
526 2332 572 2387 est
588 2325 763 2403 participata
782 2326 944 2388 similitudo
960 2326 1081 2388 rationis
1096 2325 1220 2398 divinae,
1235 2341 1252 2386 a
1267 2340 1327 2402 qua

155 2423 255 2506 omnis¹
271 2423 379 2484 veritas
393 2423 453 2484 siue
468 2423 649 2500 speculativa
662 2423 723 2487 sive
735 2423 866 2502 practica
877 2424 958 2486 ducit
968 2423 1121 2501 originem.
1133 2421 1213 2500 Ergo
1225 2422 1327 2498 nequit

157 2519 294 2582 voluntas
309 2522 416 2582 habere
432 2537 484 2598 pro
497 2536 598 2583 norma
614 2522 755 2584 rationem
771 2522 942 2594 humanam,
956 2521 1087 2582 ordinem
1108 2535 1206 2582 rerum
1221 2534 1330 2597 appre·
1381 2568 1385 2574 .

156 2617 349 2692 hendentem;
370 2619 441 2696 quin
462 2620 519 2680 hoc
538 2612 605 2696 ‘ipso
620 2633 672 2695 pro
686 2634 786 2680 norma
803 2618 911 2680 haheat
926 2619 1067 2680 rationem
1082 2617 1224 2691 divinam,
1238 2618 1323 2679 cuius

156 2716 269 2778 virtute
289 2717 365 2778 ratio
385 2718 514 2779 humana
535 2725 682 2794 operatur.
705 2716 849 2802 Apposite
870 2715 899 2779 S.
922 2713 1069 2779 Thomas:
1092 2738 1111 2775 a
1131 2713 1164 2778 In
1192 2716 1328 2778 omnihus

156 2816 260 2878 causis
279 2816 421 2878 ordinatis
441 2815 562 2878 effectus
584 2816 654 2893 plus
670 2815 814 2891 dependet
835 2832 852 2877 a
873 2831 961 2878 causa
977 2815 1082 2892 prima,
1098 2830 1189 2892 quarn
1203 2830 1220 2876 a
1236 2830 1328 2876 eausa

156 2914 303 3000 seeunda;
323 2915 392 2992 quuia
414 2930 502 2977 causa
524 2915 652 2977 secunda
673 2929 729 2976 non
751 2913 813 2990 agit
833 2912 889 2974 uisi
910 2913 939 2975 iu
962 2915 1070 2974 virtute
1087 2912 1198 2990 primae
1212 2927 1328 2975 causae

35 2995 71 3037 ’λ
64 3005 142 3084 dc,-
144 3007 246 3108 zQu⁰d
260 3018 357 3074 autem
372 3014 446 3075 ratio
461 3012 643 3074 humana't
604 3019 643 3073 sut
656 3011 756 3090 regula
779 3010 939 3074 voluntatis
959 3013 1113 3088 humanae
1128 3027 1165 3072 eu
1183 3026 1242 3088 qua
1263 3011 1327 3072 eius

110 3092 278 3172 bouitas
298 3120 495 3184 mensuratur,
515 3111 606 3172 hahet
623 3127 659 3172 ex
675 3110 736 3188 iege
750 3115 868 3171 aeterua
882 3124 957 3186 quae
971 3116 1016 3170 cst
1031 3109 1106 3169 ratio
1121 3107 1229 3168 divina
1247 3104 1331 3170 Unde

157 3209 194 3270 in
215 3205 262 3268 Ps.
284 3202 323 3270 46
343 3205 464 3270 dieitur:
480 3205 582 3270 Moira·
600 3205 725 3270 dieunt:
748 3206 819 3286 ptris
839 3205 974 3268 ostendii
995 3204 1082 3267 nodis
1103 3201 1334 3284 boraodSc'pno-
1387 3211 1393 3222 ’

161 3307 231 3366 tum
245 3307 398 3384 estsuper
410 3322 468 3368 nos
483 3303 586 3367 lumen
599 3303 705 3368 ondins
722 3304 776 3380 toi,
793 3301 943 3379 Domine,·
964 3303 1049 3380 quasi
1065 3303 1192 3364 diceret:
1214 3299 1326 3364 Lumen

162 3403 295 3476 rationis,
309 3403 386 3480 quod
399 3403 429 3464 in
444 3401 528 3466 uobis
547 3409 601 3481 est,
621 3402 651 3464 in
673 3409 786 3464 tautum
810 3409 907 3479 potest
928 3401 1013 3462 nohis
1032 3401 1186 3464 ostendere
1207 3400 1283 3461 hona
1302 3408 1332 3461 et

161 3507 294 3562 nostram
316 3500 495 3563 uoluntatem
516 3499 671 3578 regulare:
687 3500 716 3560 iu
737 3508 881 3577 quantum
895 3506 942 3561 est
954 3497 1053 3559 lumen
1069 3496 1168 3559 vultus
1183 3497 1238 3570 tui,
1252 3495 1330 3558 idest

161 3613 185 3658 a
208 3596 286 3659 vuitu
308 3606 358 3660 tuo
379 3595 552 3661 derivatum.
573 3595 657 3660 Unde
678 3596 866 3659 manifestum
887 3595 1032 3673 estquod
1053 3595 1147 3656 multo
1168 3593 1263 3671 magis
1281 3593 1334 3656 de·

160 3695 270 3774 pendet
291 3695 407 3758 bonitas
422 3695 579 3757 voluntatis
593 3711 610 3756 a
624 3694 688 3773 iege
708 3702 818 3768 eterna,
832 3709 922 3771 quam
937 3710 954 3755 a
969 3694 1081 3754 ratione
1101 3694 1229 3753 humana
1245 3688 1296 3771 (t).
1314 3713 1332 3746 s

120 3797 193 3916 Ὗ(
206 3789 347 3864 Quoniam
368 3807 436 3855 vero
457 3800 501 3855 tot
501 3793 548 3853 ius
567 3791 677 3855 ordinis
698 3809 715 3854 a
737 3793 848 3855 ratione
869 3790 1045 3868 apprehensi
1070 3797 1099 3850 et
1120 3807 1136 3848 a
1158 3789 1256 3851 divina
1286 3804 1335 3849 sa-

160 3890 274 3969 pientia
296 3890 398 3953 dictati
415 3890 590 3968 principium
604 3898 634 3952 et
649 3896 738 3966 caput
752 3899 798 3951 est
813 3889 880 3950 [iuis
895 3888 1026 3960 ultimus,
1042 3902 1098 3949 non
1113 3888 1260 3951 immerito
1275 3887 1334 3949 dici

160 3988 256 4054 etiam
277 3997 374 4068 potest
393 3990 458 4054 dous
480 3990 570 4051 totins
592 3988 797 4051 moralitatis
789 4005 818 4048 uu
840 3989 897 4050 tine
918 3987 1023 4048 ultimo
1043 3985 1190 4049 collocari

215 4201 251 4265 (1)
266 4203 380 4252 Summo
397 4202 433 4250 th.
453 4201 488 4250 1⁸.
505 4199 553 4250 2²⁰.
570 4214 593 4263 q.
611 4199 675 4259 XIX,
692 4214 715 4248 a.
731 4199 753 4247 t.
