3159 4934
325 227 381 283 att
648 239 690 281 tus
708 238 834 281 urrunsa
851 257 861 266 -
881 237 948 281 rans
966 239 993 282 n.
1011 237 1053 280 rus
1071 235 1179 280 soctnnn

325 355 474 418 tissimum
495 361 600 416 natura
622 369 675 415 sua
696 363 871 432 competere,
892 369 945 417 nec
966 368 1051 432 posse
1071 370 1089 416 a
1110 353 1248 416 societate
1262 353 1411 430 usurpari,
1427 353 1514 431 quin

325 453 451 532 patriam
474 461 648 530 potestatem
671 451 760 514 violet
776 459 807 513 et
820 452 948 514 familiae
969 460 1143 530 conceptum
1157 451 1264 513 diruat.
1282 448 1376 512 Debet
1393 452 1514 529 utique

323 549 450 613 societas
470 549 585 612 efficere
606 557 640 610 ιιι
660 547 778 625 publica
793 548 891 611 media
913 564 969 612 nou
990 548 1097 622 desint,
1111 549 1221 627 quibus
1236 556 1372 627 parentes
1386 549 1430 610 ad
1447 550 1513 611 rite

322 647 491 711 educandos
511 653 540 708 et
561 644 724 709 edocendos
745 652 831 708 natos
845 646 889 707 uti
905 645 1025 723 possint.
1048 644 1144 709 Debet
1157 646 1247 708 etiam
1262 646 1360 712 modis
1374 661 1515 708 consen·

325 745 429 818 taneis,
449 743 500 806 sed
521 757 577 805 non
599 743 744 817 violentis,
758 759 863 807 curare
884 750 917 805 ut
939 752 1075 821 parentes
1090 751 1205 807 tanturn
1226 745 1357 807 officium
1376 745 1515 808 minime

325 842 482 921 negligant.
503 841 553 903 Ad
572 841 602 903 in
624 857 685 906 rem
706 842 783 904 banc
805 857 836 903 se
857 841 968 904 directe
989 842 1154 906 immiscere
1175 857 1299 920 eamque
1320 847 1510 920 potestatem

325 940 381 1002 sibi
403 939 551 1000 vindicare
572 955 757 1017 nequaquam
780 947 885 1018 potest,
899 941 961 1001 sine
975 939 1103 1002 evidenti
1119 938 1247 1003 laesione
1268 939 1343 1002 iu'ris
1365 941 1511 1018 paterni3

325 1053 395 1100 cum
411 1044 563 1115 pareutum
578 1039 694 1099 omnino
709 1038 747 1098 sit
760 1037 927 1100 educationi
942 1045 972 1099 et
986 1037 1160 1117 disciplinae
1174 1038 1302 1100 filiorum
1318 1038 1514 1116 prospicere,

327 1152 487 1216 corumque
506 1151 562 1200 non
584 1137 670 1200 modo
689 1153 798 1215 corpus
812 1138 901 1212 alere,
916 1138 968 1201 sed
982 1139 1113 1200 animum
1128 1140 1217 1200 etiam
1231 1140 1371 1218 effingere
1385 1148 1418 1203 et
1435 1155 1510 1202 con-

248 1221 254 1232 '
328 1235 465 1299 formare.

369 1328 432 1395 Nec
453 1331 546 1406 dicas,
567 1331 644 1395 tilios
659 1334 790 1395 membra
805 1349 870 1396 esse
883 1335 1041 1407 societatis,
1056 1349 1130 1412 quae
1144 1334 1219 1412 ipsis
1233 1333 1388 1412 invigilare
1402 1335 1508 1397 debet.

329 1426 407 1492 Nam
425 1431 560 1496 membra
580 1431 731 1494 societatis
746 1439 814 1493 sunt
829 1447 885 1494 uon
906 1449 1038 1496 seorsum
1055 1447 1106 1510 per
1127 1450 1170 1506 se,
1194 1433 1246 1495 sed
1261 1434 1289 1495 vi
1303 1433 1513 1508 familiarum

328 1543 365 1590 ex
380 1529 488 1607 quibus
503 1528 636 1605 proxime
649 1529 745 1591 civilis
759 1531 887 1595 societas
902 1538 1026 1605 constat,
1037 1538 1067 1593 et
1082 1547 1207 1609 quarum
1222 1531 1358 1593 naturale
1369 1533 1509 1609 regimen

330 1625 438 1689 offendi
458 1627 569 1704 nequit,
590 1627 660 1705 quin
682 1626 753 1690 ordo
774 1626 895 1690 rationis
917 1635 1102 1706 pervertatur
1122 1637 1152 1692 et
1174 1631 1239 1706 ipsa
1260 1628 1359 1691 civilis
1374 1629 1511 1692 societas

331 1738 453 1801 pessum
467 1724 553 1785 abeat
568 1723 618 1802 (t).
634 1721 715 1786 Haec
730 1725 948 1790 animadversio
967 1726 1037 1789 dum
1059 1727 1187 1791 ostendit
1201 1744 1290 1806 qnam
1313 1736 1510 1806 praepostera

333 1820 393 1882 sint
413 1828 443 1883 et
463 1829 585 1884 naturae
606 1826 798 1901 repugnantia
820 1823 993 1902 monopolio
1007 1822 1066 1886 illc
1079 1824 1314 1902 unicersitario,
1331 1834 1363 1887 ut
1377 1826 1439 1888 dici
1455 1843 1510 1889 so·

334 1916 405 1991 lent,
420 1919 451 1979 ri
465 1933 589 1997 quorum
608 1920 777 1996 parentibus
791 1921 985 1985 determinata
999 1931 1029 1986 et
1044 1922 1177 2001 propriae
1193 1923 1338 1985 voluntati
1353 1925 1509 1986 contraria

333 2016 471 2079 educatio
490 2026 520 2079 et
541 2017 693 2094 disciplina
710 2035 762 2095 pro
775 2019 876 2082 liberis
897 2020 1074 2098 imponitur;
1095 2021 1190 2098 aperit
1204 2022 1423 2084 etiam-causam
1442 2037 1507 2083 non

334 2113 426 2176 levem
450 2114 650 2178 dissolutionis
665 2115 794 2192 socialis,
809 2133 899 2195 quam
913 2118 973 2180 tere
988 2118 1095 2196 ubique
1110 2117 1282 2197 gliscentem
1303 2117 1507 2196 deploramus.

335 2209 410 2274 Cum
431 2213 508 2274 euim
530 2212 654 2275 societas
674 2213 713 2274 ad
734 2228 765 2275 se
788 2213 853 2290 plus
867 2229 961 2292 aequo
976 2215 1233 2294 magnificandam,
1248 2215 1312 2276 iura
1331 2215 1508 2277 interiorum

335 2309 509 2372 societatum
532 2317 666 2387 usurpat,
688 2311 890 2389 suimetipsius
911 2311 1011 2374 vitalia
1032 2313 1175 2376 elementa
1195 2313 1331 2386 destruit,
1353 2328 1446 2390 seque
1468 2313 1506 2374 ad

334 2409 550 2486 corruptionem
567 2408 705 2486 propellit
719 2418 749 2471 et
764 2409 924 2471 interitum.
936 2407 1018 2473 Haec
1032 2410 1160 2488 pessima
1175 2412 1279 2490 agendi
1295 2412 1371 2472 ratio
1386 2426 1423 2472 ex
1437 2425 1507 2488 pro·

335 2505 520 2568 testantismo
535 2507 679 2580 manavit;
693 2507 745 2586 qui
759 2507 930 2570 societatem
945 2506 982 2570 ad
998 2509 1204 2586 paganismum
1219 2511 1330 2571 sensim
1342 2509 1405 2571 sine
1416 2526 1506 2571 sensu

336 2602 486 2677 reducens,
501 2603 618 2666 ethnica
634 2604 794 2667 voracitate
809 2605 874 2666 iura
892 2604 988 2667 omnia
1010 2605 1193 2682 privatorum
1207 2615 1237 2669 et
1251 2607 1431 2670 familiarum
1454 2609 1508 2670 ab·

337 2701 461 2773 sorbuit,
482 2709 512 2764 et
531 2703 560 2763 iu
581 2703 682 2764 fictam
705 2717 857 2780 personam
879 2701 1026 2779 publicam
1049 2703 1198 2766 societatis
1219 2707 1377 2783 congessit.

377 2795 426 2860 tt.
447 2794 557 2865 tutela
576 2794 706 2866 tiliorum
729 2813 807 2882 erpa
829 2803 986 2882 parentes.
1008 2796 1114 2863 Officia
1136 2801 1263 2865 tiliorum
1288 2818 1325 2865 ex
1353 2803 1402 2883 iis,
1430 2819 1510 2882 quae

339 2896 393 2958 filii
414 2913 430 2959 a
453 2897 623 2974 parentibus
651 2905 835 2977 receperunt,
855 2899 912 2960 rite
932 2898 1125 2963 deducuntur.
1146 2899 1228 2965 Haec
1252 2909 1352 2965 autem
1381 2902 1421 2965 ad
1448 2903 1506 2965 tria

340 2994 491 3057 commode
519 2993 648 3058 revocari
676 3002 811 3073 possunt:
833 2996 1043 3070 exsistentiam,
1063 2998 1285 3073 nutrimentum,
1307 2999 1508 3078 disciplinam.

340 3089 386 3153 llx
406 3107 440 3154 eo
460 3091 551 3170 igitur
579 3093 656 3172 quod
684 3092 738 3154 filii
767 3093 939 3170 parentibus
959 3094 1162 3158 exsistentiam
1190 3104 1345 3174 acceptam
1367 3097 1509 3172 referunt,

340 3188 444 3252 iisdem
465 3188 571 3252 debent
597 3191 789 3278 reverentiam
817 3198 847 3254 et
874 3190 1061 3271 obsequium3
1089 3209 1166 3271 quae
1192 3193 1311 3272 quidem
1332 3196 1364 3257 in
1392 3201 1507 3257 tantum

339 3293 513 3365 augescunt,
528 3292 561 3348 ut
575 3284 636 3349 Deo
649 3273 805 3349 dumtaxat
820 3289 933 3368 cedant,
948 3289 994 3351 eui
1016 3290 1219 3366 exsistentiam
1235 3291 1332 3370 ipsam
1353 3300 1506 3370 acceptam

340 3382 425 3462 louge
439 3383 543 3446 melius
557 3384 663 3446 reterre
677 3383 826 3448 debemus.
842 3383 926 3458 Quod
942 3395 1040 3448 autem
1055 3403 1090 3450 ex
1107 3388 1276 3465 parentibus
1294 3391 1506 3453 nutrimentum

341 3480 395 3544 lilii
416 3481 597 3560 susceperint
617 3481 646 3543 in
669 3483 812 3559 pueritia;
833 3483 1003 3562 obligantur
1018 3485 1056 3547 ad
1070 3500 1121 3548 eos
1142 3486 1260 3552 alendos
1281 3498 1465 3552 senescentes
1478 3498 1507 3551 et

388 3711 422 3774 (1)
439 3712 564 3769 Quamdiu
580 3713 656 3761 homo
673 3712 720 3762 sub
736 3714 819 3776 patria
829 3720 957 3778 potestate
968 3715 1035 3775 vivit,
1046 3717 1163 3767 societati
1179 3719 1343 3782 coniungitur
1354 3721 1380 3768 vi
1391 3719 1508 3774 familiae.

342 3791 415 3840 cuius
431 3797 471 3841 eat
487 3807 558 3856 pars3
576 3791 685 3842 societas
695 3806 756 3841 vero
772 3793 819 3856 ipsi
835 3795 940 3844 tutelam
951 3795 1104 3859 impartitur,
1115 3804 1241 3861 quatenus
1251 3800 1277 3847 in
1289 3798 1511 3860 familiaminfluit,

342 3870 474 3936 ipsumque
485 3872 561 3922 veluti
572 3872 735 3922 candidatum
746 3873 896 3933 considerat,
907 3889 982 3937 quam
994 3875 1112 3941 deinceps
1122 3878 1274 3942 copulatura
1291 3879 1339 3929 sibi
1355 3888 1402 3930 est
1414 3881 1442 3929 ln
1452 3889 1510 3931 actu

343 3963 405 3998 vero
416 3951 624 4015 emancipationis
635 3950 761 4000 vinculum
772 3951 835 4002 illud
846 3955 962 4014 nectitur,
973 3970 1024 4018 quo
1034 3954 1128 4006 directe
1144 3966 1169 4006 et
1183 3973 1229 4021 per
1240 3974 1267 4008 aa
1279 3960 1356 4008 homo
1368 3960 1510 4010 individuus

290 4067 293 4072 .
346 4029 475 4079 societatis
491 4031 661 4094 coniungitur,
677 4037 702 4080 et
718 4031 836 4095 utrinque
853 4033 945 4100 aliquid
956 4035 1115 4085 conceditur:
1127 4051 1185 4086 cum
1202 4038 1311 4088 societas
1326 4039 1384 4088 iura
1399 4045 1426 4089 et
1442 4040 1513 4105 privi-

344 4105 419 4168 legia,
435 4109 495 4158 ciris
512 4111 620 4174 propria,
635 4110 670 4160 illi
686 4112 866 4174 communicen
880 4116 901 4163 ia
918 4128 979 4162 vero
1002 4115 1131 4166 societatis
1152 4115 1250 4180 iegibus
1272 4133 1300 4168 ae
1322 4119 1466 4180 submittat,
1487 4126 1512 4168 et

344 4186 417 4234 oneri
435 4187 581 4246 officiorum,
597 4191 687 4256 quibua
704 4190 871 4256 adstringitur
888 4194 921 4242 ob
937 4208 1017 4245 noras
1033 4195 1178 4256 relationes,
1194 4213 1259 4262 quas
1273 4199 1364 4250 induit.
