3159 4934
321 313 375 370 234
642 321 682 364 rus
701 323 826 366 aurnuns
844 341 854 350 -
873 321 940 364 runs
954 322 985 364 ιι.
1005 321 1048 366 rus
1065 320 1176 366 euersis

321 439 398 518 dica,
413 439 475 500 sive
496 436 724 509 matrimonium,
739 437 802 498 sire
816 435 987 512 dominium,
1004 437 1069 498 sive
1084 435 1234 515 quadibet
1246 433 1322 498 alias
1336 433 1493 499 homiuum

321 536 477 600 relationes
492 535 659 612 respiciam.
682 532 759 596 Hinc
780 530 899 618 Statue
915 549 966 595 seu
985 533 1104 612 politica
1118 533 1244 598 societas
1256 534 1399 614 exsurgit,
1413 541 1493 598 mm-

320 648 409 713 quam
427 632 622 712 postutctcm
636 632 725 694 huius
744 631 895 711 principii
915 633 1158 695 tremiscentes.
1173 629 1250 694 Cum
1265 631 1344 696 enim
1357 633 1490 696 loturum

319 731 432 805 luisset,
449 738 481 792 ut
494 730 629 793 homines
643 729 786 793 individui
804 737 923 807 propter
944 729 1112 792 sensibilem
1133 735 1279 804 naturam,
1292 746 1370 808 quae
1383 730 1490 793 rationi

320 827 504 902 contradicit,
530 827 572 890 illi
595 827 738 906 principio
758 828 878 891 difficile
902 827 1061 892 admodum
1081 828 1351 906 obtemperassent3
1372 843 1491 892 necesse

318 926 374 989 luit
395 935 428 987 ut
448 927 536 988 simul
557 925 726 1003 congregati
749 925 808 987 rim
831 924 978 1002 publicam
1003 933 1147 1000 crearent,
1168 941 1245 1002 quae
1266 932 1410 1002 potestate
1433 943 1491 989 sna

319 1023 477 1086 renitentes
490 1023 529 1086 ad
543 1022 735 1085 obediendum
758 1030 875 1101 cogeret
889 1032 920 1085 et
933 1030 1065 1085 mutuam
1087 1021 1334 1132 monstrandam
1348 1029 1493 1086 tueretur.

318 1119 504 1198 Quapropter
518 1120 599 1182 civili
621 1121 753 1184 societati
777 1135 883 1198 scopus
905 1120 1060 1183 aliusnon
1082 1120 1334 1199 praefigimus
1356 1136 1374 1180 a
1415 1120 1492 1184 ualis

238 1262 241 1268 .
318 1223 471 1308 csmttp,
492 1218 804 1296 atqucmsommua
808 1219 973 1298 harnam,
993 1217 1147 1298 libertatis
1148 1216 1415 1325 statutorum
1468 1212 1473 1218 '

358 1315 443 1380 Hauc
464 1317 637 1390 doctrinam,
657 1333 747 1397 quam
773 1316 840 1394 plus
861 1316 995 1379 minusve
1022 1323 1185 1394 sequmtur
1208 1294 1363 1379 recentes
1361 1317 1492 1380 ratima-

318 1414 404 1477 listae
417 1423 445 1478 et
461 1430 565 1494 magua
581 1431 650 1493 pars
672 1413 849 1490 liberalium,
863 1423 897 1476 ut
918 1421 1033 1487 vocant,
1048 1413 1371 1488 breviterrelellcmus3
1384 1414 1491 1478 deiude

318 1513 389 1590 quid
411 1528 533 1591 scopum
555 1513 650 1576 civilis
670 1514 821 1576 societatis
842 1513 976 1574 efformet
996 1511 1173 1589 aperiemus.

740 1740 1062 1810 PROPOSITIONES.

359 1904 407 1968 44.
423 1903 599 1969 Pnorosrrro
617 1905 658 1968 1⁶.
673 1902 770 1968 Finis
785 1904 934 1989 politicae
954 1904 1112 1968 societatis
1126 1905 1236 1984 reponi
1248 1905 1357 1984 mucii
1373 1905 1410 1969 in
1423 1923 1489 1969 tna-

324 2007 380 2065 tun
400 2003 606 2066 coarctatione
627 2005 658 2065 et
676 2003 842 2066 tormenta
862 2001 1026 2067 libertatis.

359 2099 446 2165 Proh.
468 2099 489 2164 l.
511 2118 547 2164 er
570 2103 733 2180 principiis,
754 2104 865 2181 quihus
885 2103 982 2180 opinio
1003 2103 1053 2166 illa
1075 2103 1188 2166 nititur
1209 2101 1257 2166 Ne
1276 2103 1360 2164 nimii
1385 2103 1489 2174 simus,

320 2199 374 2262 tria
396 2206 511 2262 tantum
538 2201 734 2279 attingemus:
754 2201 1009 2292 independeptiam
1037 2202 1113 2264 eutis
1119 2200 1302 2284 rationalis,
1323 2201 1485 2264 absentiam

318 2295 529 2377 moralitatisa
545 2296 664 2360 motivis
678 2298 839 2377 empiricis
853 2300 1014 2362 carentiam
1029 2273 1159 2386 limitum
1173 2279 1322 2362 libertatis
1341 2307 1488 2362 externae.

357 2394 404 2458 Ac
426 2395 522 2473 primo
540 2395 670 2473 quidem,
685 2394 768 2460 Kant
788 2379 1061 2460 ctflattmatisiac
1068 2399 1243 2460 senteutiam
1258 2397 1340 2461 illam
1353 2398 1490 2461 derivant

318 2509 354 2555 ex
378 2493 538 2579 hypothesi
562 2493 801 2572 independentiae
824 2495 902 2557 entis
925 2495 1088 2572 rationalis,
1112 2496 1193 2574 quod
1218 2497 1301 2558 iuxta
1325 2497 1411 2574 ipsos
1433 2513 1487 2560 non

306 2591 407 2652 ¹alium
433 2593 521 2654 finem
550 2591 758 2669 praestitutum
783 2592 883 2669 hahet,
908 2593 964 2655 nisi
990 2600 1023 2656 nt
1050 2593 1199 2673 propriam
1225 2596 1380 2672 rationem,
1400 2602 1488 2674 prout

318 2689 436 2766 propria
450 2696 505 2764 est,
520 2698 670 2769 sequatur.
681 2689 774 2769 Atqui
790 2690 840 2753 illa
855 2691 1031 2769 hypothesis
1045 2692 1260 2755 ahsmdissima
1273 2701 1330 2756 est.
1343 2691 1422 2756 Nam
1437 2709 1489 2756 cns

318 2787 458 2849 rationale
479 2789 726 2865 quemadmodum
737 2788 768 2851 in
783 2795 890 2851 natura
912 2789 1020 2867 pendet
1039 2787 1145 2865 allen,
1160 2790 1204 2854 sic
1224 2791 1314 2853 etiam
1334 2791 1486 2870 pendetis

317 2885 375 2945 tine
394 2892 425 2946 et
444 2885 670 2970 operationibus
692 2883 790 2960 Quare
815 2903 832 2948 a
854 2903 992 2964 supremo
1013 2888 1065 2950 illo
1084 2904 1183 2951 rerum
1203 2889 1335 2952 omnium
1356 2889 1488 2954 Auctore

317 2981 406 3043 finem
430 2991 460 3044 et
480 2997 610 3045 normam
631 2983 771 3061 operandi
794 2985 938 3079 suscipiat
958 3001 1077 3075 necesse
1101 2994 1156 3048 est
1179 2985 1245 3050 Non
1270 2988 1362 3067 igitur
1390 2988 1487 3068 quoad

317 3080 459 3142 rat-ionem
480 3080 684 3159 independens,
706 3083 759 3144 scd
781 3085 908 3146 maxime
911 3064 1094 3161 dependens
1114 3090 1169 3148 est.

357 3174 479 3251 Deinde,
499 3177 582 3240 Kant
601 3188 630 3242 et
647 3177 861 3243 Rationalistae
881 3181 1038 3258 opinantur
1064 3196 1166 3244 omnes
1184 3158 1444 3248 determinationes
1456 3194 1486 3248 et

316 3275 426 3339 motiva
446 3275 687 3354 experimentalia
709 3277 876 3341 moralitate
897 3295 1006 3342 carere
1030 3276 1062 3341 Id
1084 3281 1175 3342 etiam
1202 3281 1309 3345 falsum
1329 3290 1386 3346 est
1407 3281 1487 3346 Nam

315 3374 387 3438 ordo
407 3373 582 3447 obiectivus,
595 3389 632 3435 ex
646 3389 704 3451 quo
718 3377 872 3438 moralitas
886 3376 1037 3440 actionum
1048 3359 1180 3442 desumit
1198 3395 1378 3454 mensnram,
1392 3381 1487 3444 mani·

314 3473 439 3536 testatur
460 3488 515 3535 non
535 3488 572 3535 ex
592 3471 663 3536 solis
685 3475 844 3537 abstractis
866 3483 896 3537 et
924 3476 1143 3541 universalibus
1172 3479 1295 3543 rationis
1324 3480 1486 3577 principiis,

314 3583 416 3632 verum
432 3571 570 3633 etiamen
585 3571 770 3634 naturalibus
791 3587 890 3635 rerum
912 3575 1154 3653 propensiouibus
1173 3586 1203 3640 et
1223 3578 1259 3641 ei
1279 3571 1424 3642 concreto
1441 3595 1487 3643 or·

315 3668 382 3730 dine
400 3678 499 3730 rerum
519 3667 723 3731 exsistentium
724 3671 798 3749 ,qui
814 3673 993 3749 experientia
1007 3673 1067 3736 aut
1087 3675 1309 3740 ratiocinatione
1329 3675 1485 3755 detegitur

317 3763 355 3828 Et
377 3781 446 3828 sane
466 3767 534 3844 quis
564 3768 773 3833 stultissimam
804 3770 885 3833 illam
907 3769 1010 3835 Kantii
1036 3773 1250 3850 blasphemiam
1276 3775 1338 3837 sine
1365 3774 1486 3839 horrore

316 3864 418 3927 audire
432 3873 542 3943 potest:
553 3865 737 3930 immoralem
753 3884 819 3931 esse
830 3869 1072 3949 actionem,quac
1083 3887 1120 3932 er
1131 3887 1231 3934 amore
1242 3869 1297 3934 Dei
1308 3872 1484 3951 peragatur?

315 3956 514 4026 Nihilominus
536 3963 567 4025 id
588 3964 617 4026 in
639 3965 702 4028 eins
722 3966 822 4043 inepta
849 3966 981 4030 doctrina
1005 3970 1156 4046 tamquam
1185 3971 1401 4033 consectarium
1428 3970 1484 4033 rite

306 4055 472 4121 deductum
494 4063 673 4139 proponitur,
695 4071 850 4142 propterea
870 4066 949 4143 quod
969 4063 1052 4153 Deus
1073 4076 1120 4130 est
1141 4067 1289 4151 obiectum
1317 4077 1482 4160 exterum,

361 4269 397 4331 (1)
415 4269 554 4321 Elementa
570 4275 754 4338 Metcphysioa
773 4276 903 4326 Theorr'ae
919 4278 1004 4328 Iuris,
