3159 4934
323 266 376 324 tet
634 279 676 323 rus
694 279 818 324 urrunnu
836 299 846 308 -
863 280 932 322 onus
949 279 978 322 u.
996 278 1037 322 rus
1055 278 1163 324 somnne

320 395 372 459 uiti
394 394 489 458 debet.
504 391 568 457 Hoc
589 399 688 455 autern
703 391 867 456 aliudesse
888 393 998 471 nequit,
1012 392 1070 457 nisi
1084 409 1167 456 amor
1182 394 1316 458 sineems
1329 402 1360 458 et
1375 395 1491 472 plenus,

319 508 379 574 quo
398 499 540 570 utraeque
561 498 659 568 partes
681 507 712 554 se
732 491 857 554 invieem
880 501 1103 571 prosequantur.
1125 491 1164 558 Et
1185 509 1254 556 saue
1275 493 1303 555 si
1323 493 1489 572 coniugalis

318 591 444 655 societas
465 590 493 650 in
515 589 571 651 boc
593 589 649 651 sita
670 597 726 663 est,
742 589 819 667 quod
834 606 850 652 e
863 590 980 653 duabus
1002 591 1135 680 personis
1151 607 1207 654 uua
1222 588 1488 678 velutieoude'tun

317 688 464 768 quomodo
484 687 515 750 id
536 686 659 751 obtineri
681 689 797 766 poterit,
807 689 868 750 'nisi
881 688 975 751 altera
990 673 1123 751 alteram
1129 671 1387 768 &Finde's'pectet
1401 691 1488 769 quasi

315 801 400 850 suam
422 785 512 849 veluti
535 793 659 864 partem,
681 786 726 848 vel
748 784 854 849 melius
875 787 960 865 quasi
977 795 1090 864 partem
1113 802 1181 850 cum
1201 804 1260 867 qua
1280 788 1429 852 concurrit
1446 789 1488 851 ad

317 900 407 947 uuum
429 883 546 961 aliquod
567 885 802 946 edormaudum?
818 884 861 948 At
874 900 944 948 vero
957 885 988 947 id
1003 885 1066 948 sine
1085 901 1190 965 magua
1205 886 1361 949 dilectione
1381 893 1486 948 mutua

316 985 503 1064 perfectaque
517 983 647 1044 amicitia
662 981 787 1062 intelligi
803 984 912 1063 nequit.
928 981 992 1046 Hac
1005 983 1083 1045 enim
1098 983 1253 1046 dumtaxat
1267 983 1345 1047 entia
1361 983 1485 1047 moralia

316 1082 442 1145 invicem
463 1080 666 1154 attrabuntur,
684 1087 715 1142 et
735 1081 827 1144 aretis
850 1081 977 1144 vinculis
998 1081 1074 1145 inter
1095 1097 1127 1143 se
1148 1080 1331 1161 colligantur.
1407 1122 1411 1126 -

357 1177 448 1241 Porro
463 1178 579 1240 dileetio
590 1178 734 1241 eiusmodi
749 1195 764 1240 a
781 1178 892 1241 ratione
904 1179 1090 1256 potissimum
1104 1181 1266 1257 ingenerari
1277 1180 1373 1243 debet.
1386 1178 1487 1253 Quare

316 1292 373 1340 non
388 1285 447 1340 tarn
462 1285 580 1340 externa
596 1277 728 1354 corporis
744 1283 907 1350 venustate,
922 1293 1012 1356 quam
1033 1278 1196 1342 moralibus
1211 1293 1350 1357 personae
1364 1279 1486 1342 dotibus

312 1382 345 1438 et
366 1374 454 1437 animi
476 1373 567 1437 veluti
591 1373 773 1437 lineamentis
800 1374 955 1437 excitanda
977 1384 1030 1438 est
1052 1374 1137 1446 Ouod
1165 1376 1283 1454 quidem
1312 1392 1368 1439 non
1397 1377 1485 1440 modo

315 1473 473 1553 requiritur
487 1480 521 1534 ut
534 1472 652 1535 homine
666 1472 774 1551 diguus
790 1488 874 1536 amor
889 1472 937 1536 ille
957 1473 1079 1547 evadat;
1094 1473 1145 1536 sed
1159 1474 1248 1536 etiam
1262 1474 1350 1551 ursit
1366 1474 1485 1537 stabilis

310 1578 343 1635 et
357 1580 501 1634 constans.
518 1571 627 1636 Sensus
642 1571 718 1633 eninr
733 1571 887 1634 mutabilis
900 1579 959 1645 est;
973 1581 1062 1650 atque
1076 1587 1119 1647 ea,
1134 1587 1211 1650 quae
1224 1586 1332 1646 eorpus
1346 1565 1483 1646 attinent,

313 1670 394 1732 brevi
415 1671 563 1733 deliciunt.
587 1666 684 1741 Quare
706 1668 828 1732 sensiles
848 1664 1018 1745 dualitates,
1039 1669 1101 1731 sine
1121 1669 1211 1730 animi
1234 1667 1432 1746 pulcritudine
1452 1681 1484 1732 et

310 1767 428 1842 decore,
444 1768 529 1830 valde
543 1767 700 1830 deciduum
716 1775 746 1829 et
760 1767 942 1830 deiecturum
963 1768 1073 1830 amoris
1088 1767 1264 1845 principium
1280 1766 1484 1844 suppeditant.

355 1863 382 1926 4.
405 1862 580 1928 Pnorosrrro
596 1860 639 1927 2⁸.
654 1863 796 1944 Nuptiae
809 1861 955 1928 honestae
968 1868 1045 1926 sunt
1064 1868 1094 1926 et
1113 1868 1249 1926 naturae
1261 1859 1396 1927 hominis
1409 1883 1484 1928 eon-

310 1965 487 2024 sentutreae.
828 1960 831 1963 ’

352 2057 438 2122 Prob.
454 2057 529 2122 lllud
550 2060 706 2124 honestum
728 2068 773 2123 est
793 2069 823 2124 et
844 2069 965 2122 naturae
986 2060 1133 2122 humanae
1147 2067 1381 2132 consentaneum,
1395 2061 1479 2138 quod

292 2159 489 2222 ordinationi
510 2159 625 2222 divinae
647 2159 805 2236 respondet
817 2167 847 2221 et
867 2158 1059 2230 inclinationi,
1072 2158 1157 2220 nobis
1178 2158 1303 2234 innatae,
1319 2174 1374 2221 uon
1387 2159 1482 2222 modo

311 2257 412 2320 sensili
434 2258 485 2320 sed
505 2259 593 2320 etiam
615 2257 759 2321 rationali.
780 2255 958 2320 Huiusmodi
981 2263 1079 2319 autem
1101 2263 1168 2317 sunt
1188 2255 1317 2333 nuptiae.
1333 2256 1380 2319 Ae
1398 2266 1481 2331 sane,

312 2355 338 2418 si
353 2353 433 2418 Deus
444 2372 532 2419 sexus
546 2355 739 2419 differentiam
755 2355 884 2417 instituit
895 2362 924 2418 et
937 2356 979 2417 ita
995 2353 1177 2430 temperavit,
1194 2362 1226 2415 ut
1240 2353 1481 2429 conformatione,

240 2533 242 2536 Ι
289 2453 374 2520 sive
395 2454 598 2534 physiologica
620 2454 682 2517 sive
702 2452 816 2529 morali,
837 2468 893 2514 una
917 2467 984 2529 pars
1004 2466 1057 2530 ope
1078 2450 1200 2513 alterius
1219 2450 1429 2530 compleretur,
1449 2464 1481 2516 et

309 2551 339 2614 iu
361 2539 466 2617 debito
481 2552 569 2616 veluti
597 2552 715 2614 sisteret
742 2550 929 2628 aequilibrio;
952 2550 1008 2613 boe
1036 2550 1102 2627 ipso
1128 2550 1284 2627 utriusque
1311 2547 1476 2628 legitimam

306 2650 485 2713 iunctionem
508 2666 540 2712 se
562 2649 894 2712 voluissemoustravit.
916 2645 1050 2710 Names
1078 2663 1175 2710 rcruur
1206 2647 1398 2712 relationibus
1426 2664 1478 2711 na·

307 2755 449 2826 curaeque
470 2749 571 2810 ordine
592 2749 659 2810 bnis
681 2747 811 2825 supremi
834 2747 965 2824 artificis,
986 2746 1084 2808 omnia
1105 2745 1251 2824 sapienter
1273 2745 1478 2823 gubernantis,

305 2843 430 2907 eruitur.
451 2843 644 2908 Honorabile
665 2843 851 2908 connubium
869 2844 904 2906 e'n
924 2842 1075 2919 omnibus,
1097 2845 1139 2906 ait
1159 2842 1322 2920 Apostolus
1338 2841 1391 2922 (1).

287 2957 290 2964 ·
348 2938 502 3004 Praeterea
528 2942 701 3022 propagatio
725 2951 755 3005 et
782 2943 945 3021 permansio
974 2942 1082 3019 speciei
1109 2943 1255 3006 hnmanae
1279 2943 1398 3006 nonnisi
1426 2959 1477 3022 per
1555 2918 1557 2938 ¹

305 3039 475 3118 coniugium
497 3040 600 3103 haberi
622 3047 734 3119 potest;
755 3040 948 3119 coniugioque
968 3040 1097 3118 dempto,
1117 3055 1209 3118 genus
1229 3029 1395 3102 humanum
1418 3057 1475 3103 una

306 3143 420 3200 tantum
435 3139 618 3216 generatione
633 3138 843 3202 absolveretur.
855 3137 945 3217 lirgo,
959 3152 1027 3200 eum
1040 3135 1120 3200 Deus
1135 3137 1325 3215 multiplicari
1338 3139 1474 3202 bomines

304 3243 335 3299 et
350 3250 520 3313 permanere
533 3236 602 3299 velit
617 3237 773 3316 (siquidem
789 3236 879 3299 bomo
892 3243 938 3298 est
951 3250 1026 3314 apex
1041 3235 1196 3299 creationis
1209 3243 1238 3298 et
1253 3237 1322 3298 linis
1342 3236 1474 3300 universi

306 3333 456 3414 visibilis),
471 3335 638 3413 coniugium
660 3334 821 3398 intendisse
835 3334 977 3397 dicendus
996 3340 1049 3396 est.
1065 3330 1172 3407 Quare,
1192 3334 1231 3396 ad
1251 3333 1352 3411 ipsum
1372 3335 1475 3398 ineun-

305 3431 386 3506 dum,
402 3431 620 3510 propensionem
641 3433 753 3496 bomini
775 3432 890 3506 indidit,
910 3431 1092 3510 dirigendam
1114 3439 1211 3495 tamen
1229 3431 1385 3507 aratione,
1399 3448 1475 3511 quae

304 3530 481 3594 dominatrix
501 3533 531 3593 iu
553 3532 670 3595 bomine
683 3530 809 3595 facultas
830 3538 885 3607 est,
906 3537 945 3604 et,
960 3530 1044 3592 euius
1065 3529 1183 3592 sublato
1199 3529 1369 3605 dictamine,
1383 3531 1471 3594 bomo

303 3627 378 3690 inira
400 3629 551 3691 brutorum
573 3630 766 3693 conditionem
789 3628 974 3706 deprimitur.

339 3726 374 3789 ¹5.
389 3724 564 3791 Puorosrrro
579 3724 622 3791 3‘.
643 3725 831 3804 oberremus,
846 3726 973 3789 virtualis
994 3742 1097 3788 umore
1116 3728 1291 3806 susceptus,
1304 3728 1472 3806 praesten-

303 3821 365 3885 tior
386 3826 432 3886 est
452 3822 612 3888 connubio.

344 3918 430 3985 Prob.
445 3919 562 4002 Duplex
576 3924 737 3988 caelibatus
757 3921 899 4000 distingui
920 3927 1030 4000 potest:
1045 3919 1119 3984 alter
1133 3921 1183 4000 qui
1197 3921 1313 4001 vitium,
1329 3923 1403 3985 alter
1414 3923 1467 3999 qui

301 4015 441 4079 uirtutem
464 4020 586 4082 suadam
607 4028 637 4084 et
657 4021 794 4085 comitem
816 4019 916 4083 babet.
938 4014 1107 4082 Caelibatus
1128 4019 1254 4083 vitiosus
1275 4019 1324 4083 ille
1344 4028 1400 4095 est,
1416 4019 1470 4097 qui

349 4225 389 4290 (l)
402 4228 443 4276 Ad
458 4227 540 4280 Hebr.
556 4231 620 4291 xlii,
635 4233 657 4282 4.
