3159 4934
397 349 483 392 curun
501 349 526 390 n.
546 349 580 390 un
598 349 737 392 soctnrnrn
756 348 834 390 civiti
1148 335 1200 392 aot

29 475 65 528 ut
85 473 208 528 auctore
228 473 359 538 naturae,
372 475 403 526 et
415 463 496 525 nullo
514 463 600 526 modo
621 471 666 525 est
686 463 715 525 in
736 461 909 543 individuis,
925 479 976 540 per
997 480 1029 526 se
1049 464 1201 542 spectatis,

29 564 94 626 sive
116 560 255 626 totaliter
274 562 335 624 sive
349 561 542 640 partialiter.
564 558 765 623 Nihilominus
795 563 868 624 haec
897 568 1028 638 potestas
1052 562 1150 639 primo
1173 570 1202 623 et

28 677 85 740 pcr
106 675 139 724 se
166 667 301 723 concreta
321 658 456 721 redditur
476 661 505 721 in
533 659 597 736 ipsa
619 658 850 733 communitate;
871 666 1025 738 quamnns,
1049 661 1204 737 supposita

30 757 259 838 congregatione
279 756 430 821 hominum
453 764 573 833 propter
593 757 681 819 linem
703 754 856 834 politicum
878 757 1077 831 obtinendum,
1099 772 1151 834 per
1172 771 1205 818 se

30 857 160 919 resultat
180 864 331 934 tamquam
347 855 509 932 proprietas
522 854 670 916 naturalis
683 853 715 915 in
731 868 854 932 corpore
868 853 918 916 illo
933 854 1036 918 morali
1057 854 1105 915 ius
1126 853 1205 917 ordi-

32 955 126 1018 nandi
147 954 287 1033 singulos,
307 953 390 1016 iuxta
411 953 588 1031 exigentiam
609 951 676 1015 boni
699 951 874 1014 communis.
897 949 1028 1015 Societas
1053 966 1132 1026 vero,
1152 967 1205 1014 sen

34 1053 194 1134 multitpdo
219 1053 262 1116 sie
290 1058 477 1130 congregata,
498 1057 594 1128 potest
623 1051 801 1124 anctoritate
826 1051 876 1113 illa
905 1067 937 1114 se
964 1051 1113 1123 abdicare,
1140 1064 1206 1112 eant

35 1151 238 1214 transferendo
259 1152 288 1214 in
310 1166 398 1213 unam
414 1164 565 1228 personam
581 1157 635 1211 ant
659 1164 747 1211 unum
764 1149 990 1211 determinatum
1009 1156 1141 1212 coetum:
1155 1156 1208 1210 ant

36 1249 128 1312 ctiam
148 1258 246 1327 potest
267 1255 385 1327 propter
406 1249 517 1310 iustum
541 1249 660 1311 titulum
682 1265 716 1312 ea
739 1247 859 1326 spoliari
874 1265 910 1311 ac
925 1249 1135 1311 subditionem
1159 1263 1209 1324 po

36 1349 128 1412 tentis
150 1347 275 1410 alicuius
296 1347 398 1425 redigi.
414 1345 512 1420 Quare
533 1362 634 1425 cansa,
648 1363 723 1425 quae
737 1346 933 1410 determinato
953 1346 1086 1409 subiecto
1107 1355 1208 1407 ancto-

36 1447 157 1509 ritatem
177 1445 280 1523 adigit,
301 1451 347 1506 est
368 1459 484 1522 semper
505 1451 667 1508 consensus
689 1445 735 1509 vel
756 1445 832 1509 liber
851 1445 897 1509 vel
919 1445 1111 1508 necessarius
1124 1441 1209 1508 Unde

36 1544 202 1605 auctoritas
223 1540 330 1616 civilis,
351 1557 402 1618 pen
426 1558 457 1605 se
478 1552 607 1620 sumpta,
628 1551 674 1605 est
694 1545 865 1607 immediate
885 1561 902 1606 a
925 1543 999 1618 Deo;
1021 1543 1050 1606 in
1077 1543 1209 1622 principe

36 1649 139 1704 autem
160 1647 207 1702 est
222 1638 349 1702 mediate
363 1657 380 1703 a
395 1637 467 1717 Deo,
482 1642 651 1704 immediate
666 1643 704 1704 ab
719 1643 898 1706 hominibus.
913 1640 1019 1705 Melius
1034 1651 1130 1705 tamen
1149 1639 1209 1702 diei

38 1745 149 1818 posset,
163 1737 252 1801 etiam
266 1737 297 1800 in
318 1731 375 1801 it'ac
389 1739 531 1800 sententia
546 1739 591 1818 (nt
605 1755 706 1816 reapse
721 1740 851 1802 nonnulli
865 1740 1016 1818 dixerunt)
1045 1738 1209 1802 auctoritas

39 1851 169 1914 semper,
184 1836 245 1898 sive
265 1837 414 1898 abstracte
434 1836 497 1899 sive
518 1845 692 1915 concrema
716 1836 776 1934 lieo
796 1854 878 1913 essm
892 1840 930 1901 ab
951 1840 1120 1902 hominibus
1142 1853 1211 1901 veto

39 1943 157 1998 tantum
172 1933 320 2012 designari
336 1935 502 1997 subiectum
525 1936 553 1996 in
576 1951 634 2013 qno
656 1934 790 1998 resideat.
809 1934 953 2000 Homines
974 1939 1051 2000 enim
1072 1938 1213 2000 electione

39 2051 96 2096 sua
127 2047 185 2094 non
205 2031 285 2094 aliud
304 2033 442 2106 iacerent,
466 2033 521 2095 nisi
543 2034 647 2096 oiierre
675 2036 848 2109 materiam3
872 2036 923 2098 sed
945 2035 1026 2099 Dens
1054 2043 1142 2111 esset,
1161 2036 1212 2114 qni
1261 2039 1293 2088 f

40 2133 188 2194 tribueret
207 2132 387 2194 formam.

83 2225 133 2292 60.
156 2225 355 2294 tsnntentia
377 2226 558 2303 Rousseauii
581 2227 715 2296 maxime
737 2163 848 2296 otiien.
871 2229 933 2295 lam
955 2247 1023 2295 vero
1045 2246 1130 2294 nemo
1157 2245 1213 2292 non

42 2330 137 2400 videt,
151 2326 295 2391 eiusmodi
316 2328 479 2390 doctrinam
494 2328 568 2390 nihil
583 2305 692 2392 habire
706 2343 860 2392 commune
874 2339 927 2391 ant
940 2331 1028 2392 affine
1043 2345 1112 2391 curn
1126 2338 1214 2408 pacto

42 2425 158 2500 sociali,
179 2426 258 2505 quod
279 2441 369 2504 supra
391 2426 593 2488 refutavimus.
617 2427 718 2505 Atque
739 2433 773 2488 ut
794 2427 825 2488 id
846 2427 956 2491 clarius
982 2427 1107 2529 eluceat,
1130 2441 1215 2504 prae·

41 2525 151 2602 oipuas
173 2525 327 2602 utriusque
350 2513 509 2586 sententiae
529 2524 738 2587 differentias
730 2541 894 2589 annuemus.

85 2622 107 2686 Ι.
130 2618 238 2684 Suarez
258 2621 366 2698 repetit
386 2621 592 2685 anctoritatem
613 2638 630 2683 a
653 2621 723 2686 Deo.
746 2621 865 2698 Contra,
887 2632 1006 2701 pacton
1030 2621 1174 2686 sociale
1167 2639 1214 2683 ins

42 2722 180 2783 divinum
201 2719 316 2792 omnino
337 2718 479 2792 eliminat,
501 2728 531 2782 et
550 2719 642 2782 solam
664 2721 793 2784 hominis
817 2721 941 2785 liberam
963 2722 1143 2785 voluntatem
1173 2721 1217 2781 in-

43 2819 141 2898 ducit,
162 2833 238 2895 quae
258 2807 354 2896 ipsam
377 2817 582 2882 anctoritatem
604 2827 691 2882 creet.

87 2914 125 2980 ΙΙ.
141 2914 249 2979 Suarez
263 2917 368 2978 statuit
389 2917 594 2980 anctoritatem
612 2915 677 3000 'uon
697 2935 763 2980 esse
782 2918 818 2979 io
835 2906 972 2998 siugulis
992 2918 1058 2992 siue
1079 2915 1219 2980 totaliter

45 3016 121 3079 st'oc-
127 3007 311 3093 partialiter
316 3035 327 3088 ,·
344 3015 436 3077 t'mtuo
449 3034 487 3077 mc
502 3016 536 3076 io
557 3015 628 3094 ipso
642 3015 766 3094 quidem
780 3016 862 3078 rudi·
876 3014 1058 3091 collectione,
1080 3010 1136 3081 sed
1152 3031 1218 3079 cam

46 3113 196 3177 resultare
209 3112 241 3175 oi
253 3115 389 3174 naturae
402 3131 441 3174 err
456 3115 675 3175 communitate
688 3133 726 3176 nn
741 3132 795 3188 stc,
810 3113 948 3194 nimimm
967 3121 1119 3192 quatenns,
1135 3129 1219 3191 prac-

46 3212 112 3274 cise
130 3210 256 3281 societas
278 3213 332 3289 est,
347 3226 398 3272 seu
418 3218 520 3273 coetus
542 3212 692 3274 hominurn
717 3210 964 3290 promotionum
986 3227 1140 3274 commune
1154 3226 1220 3274 coa-

47 3307 287 3386 lescentium-(i).
302 3307 420 3382 Contra,
437 3318 556 3385 pactum
578 3310 686 3374 sociale
701 3299 909 3374 auctoritatem
925 3311 1052 3387 concipit
1067 3316 1218 3388 tamquam

48 3421 198 3470 summam
220 3405 340 3468 iurinm
351 3407 533 3484 singulorum
555 3409 676 3481 civium,
696 3425 731 3471 ac
754 3409 875 3487 proinde
895 3408 977 3471 illam
999 3407 1162 3484 partialiter
1176 3415 1221 3467 at·

49 3503 159 3568 tribuit
179 3503 303 3582 singulis
324 3505 413 3567 sociis
435 3507 603 3582 separatim.
697 3506 699 3512 '

95 3599 146 3664 ΙΙΙ.
167 3598 274 3664 Suarez
295 3601 364 3664 licet
385 3611 509 3674 asserat,
532 3610 703 3678 potestatem
725 3620 742 3665 a
764 3603 961 3666 consentiente
983 3600 1221 3662 multitudinem

51 3699 278 3762 determinatam
294 3699 621 3779 personamtransierti3
639 3701 860 3762 lamentaretur
875 3714 961 3776 posse
970 3696 1129 3776 aliqnando
1142 3691 1222 3760 hono

51 3813 228 3862 consensum
250 3812 317 3860 esse
336 3797 545 3872 necessarium,
560 3806 706 3878 quamtus
719 3796 799 3861 iusto
813 3796 900 3859 titulo
913 3797 952 3858 ab
972 3795 1071 3873 aliqua
1085 3795 1225 3857 determi-

102 3991 137 4053 (1)
155 3991 207 4038 «In
225 3991 267 4040 tali
283 4006 345 4055 ergo
362 3991 542 4041 communitate
559 3998 587 4040 ut
604 3991 648 4050 sic,
663 3997 703 4039 est
718 3991 783 4039 haec
799 3995 912 4052 potestas
929 4003 961 4036 ex
977 3993 1070 4036 natura
1086 3987 1132 4046 rei,
1142 3987 1179 4035 ita
1196 3994 1224 4035 nt
1280 4034 1282 4037 .

51 4087 106 4120 non
123 4071 156 4122 sit
172 4071 197 4118 in
212 4071 344 4120 hominum
359 4076 486 4135 potestate
502 4073 537 4120 ita
555 4069 708 4132 congregari
724 4075 749 4128 et
765 4068 888 4131 impedire
905 4068 972 4116 hanc
987 4072 1174 4130 potestatem.»
1189 4068 1227 4116 Dc

52 4153 119 4216 Lag:
132 4152 154 4200 l.
168 4152 192 4209 5,
203 4165 224 4201 c.
235 4151 282 4210 3‚§
298 4152 321 4201 4.
337 4151 444 4201 Iterum:
462 4151 520 4200 «Ut
535 4151 577 4199 itta
593 4150 763 4199 communitas
779 4148 874 4197 habeat
891 4147 1049 4212 praedictum
1067 4149 1226 4210 potestatem,

52 4237 108 4282 non
125 4239 165 4282 est
180 4233 324 4282 tt'eocssaria
341 4231 457 4296 specialis
474 4231 591 4281 voluntas
606 4231 747 4288 hominnm,
758 4228 803 4278 sed
821 4243 853 4277 ex
863 4235 956 4278 notura
972 4227 1009 4278 rei
1025 4227 1191 4292 consequitur
1201 4239 1226 4275 ct
1315 4246 1317 4250 ·

52 4330 89 4364 ex
104 4313 262 4376 providentia
278 4313 399 4363 Auctoris
415 4319 557 4362 naturae.»
573 4312 612 4360 ΙΙ).
631 4311 682 4368 36.

121 4421 443 4474 Lustrarunt-Euticu
459 4430 483 4470 et
500 4423 545 4470 iun
564 4429 688 4470 naturae.
1104 4413 1135 4460 17
