3159 4934
297 355 350 412 atu
616 367 659 411 rus
677 366 802 410 urrunnu
818 385 829 394 ·
848 367 916 411 runs
934 367 960 409 u.
979 367 1022 410 rus
1039 367 1146 410 sociam

297 486 429 549 ordinem
446 489 597 548 externum
616 482 765 547 societatis
778 489 956 561 spectantes,
970 482 1099 562 attingit.
1111 482 1211 562 Atque
1225 481 1266 556 id,
1280 481 1475 544 considerato

297 584 397 649 ordine
419 589 531 646 tanturn
553 579 694 654 naturali3
715 596 782 643 nam
804 580 834 642 in
855 581 1073 659 supernaturali
1088 587 1258 643 contractus
1278 579 1343 657 ipse
1363 578 1475 641 matri·

297 682 397 755 monii
418 689 450 742 ut
471 680 543 754 diri,
562 681 659 742 lactus
683 686 730 741 est
751 675 986 752 Sacramentum,
1006 678 1086 758 quod
1107 685 1187 741 certe
1208 677 1378 741 auctoritati
1400 675 1472 740 reli-

297 781 397 860 giosae
417 779 584 842 subiicitur.

342 875 435 942 oric.
457 875 495 941 V
517 873 737 940 Matrimonium
758 881 806 936 cst
825 873 1047 936 tundamentum
1068 873 1238 940 familiaeot
1259 880 1475 952 consequenter

298 976 439 1049 ciuitatis
459 971 497 1036 ad
518 973 604 1036 cuius
626 972 733 1035 bonum
755 987 940 1050 summopore
961 973 1081 1035 confert
1104 969 1183 1051 Ergo
1198 971 1235 1035 ob
1249 972 1326 1033 hanc
1341 986 1469 1033 causam

298 1091 315 1136 a
337 1071 418 1136 civili
439 1077 583 1149 potestate
603 1069 781 1132 intrinsecus
801 1068 963 1148 regendum
984 1076 1039 1132 ost.

268 1212 273 1228 .
337 1169 375 1234 R.
401 1166 539 1234 Concedo
560 1165 749 1244 adcredens,
774 1175 804 1230 et
823 1161 902 1247 nepo
921 1183 1116 1246 consequens.

337 1266 377 1333 Ut
392 1267 539 1346 sapienter
552 1267 691 1329 observat
706 1264 900 1338 Aristoteles·
909 1282 972 1343 oon
987 1263 1093 1327 omnio
1107 1281 1186 1343 quoe
1200 1261 1379 1326 occasuris
1392 1265 1474 1326 sont

299 1362 426 1441 ciuitati,
445 1367 553 1445 portes
574 1366 651 1426 suot
671 1361 808 1425 ciuitatis
823 1360 874 1442 (l).
888 1359 928 1424 Et
943 1377 1015 1425 sane
1029 1361 1175 1440 religioet
1189 1360 1289 1424 cultus
1311 1359 1365 1424 Dei
1387 1375 1476 1422 sum·

298 1478 414 1541 mopere
435 1461 473 1522 ad
495 1460 612 1524 civilem
634 1459 805 1524 societatem
826 1459 982 1521 intersunt.
1004 1456 1085 1537 Ergo
1105 1459 1238 1521 dicemus
1254 1457 1425 1537 religionem
1438 1465 1473 1520 et

298 1561 410 1624 cultum
432 1559 564 1621 divinum
586 1556 665 1622 civili
688 1557 828 1635 potestati
850 1557 1023 1620 subiaceret
1045 1556 1230 1636 lneptissima
1253 1563 1299 1619 est
1324 1555 1475 1619 eiusmodi

298 1657 522 1738 argumentandi
543 1657 632 1720 ratio:
654 1655 729 1718 haec
750 1655 797 1718 vel
817 1653 868 1716 illa
889 1654 985 1716 resin
1008 1655 1115 1718 bonum
1141 1654 1290 1719 societatis
1319 1651 1403 1716 raldo
1423 1667 1476 1715 rc·

298 1753 438 1829 dundat;
445 1770 515 1833 ergo
529 1756 592 1816 eius
609 1752 825 1816 administratio
840 1752 918 1815 civili
934 1753 1072 1830 potestati
1088 1752 1254 1815 subiicitur.
1270 1749 1324 1815 Si
1316 1760 1359 1813 ita
1380 1758 1474 1823 osset,

298 1854 364 1933 pari
378 1852 464 1916 modu
477 1850 577 1914 inferri
599 1859 710 1928 posset,
730 1851 846 1928 negotia
849 1848 980 1948 politica
995 1850 1033 1912 ad
1055 1850 1262 1913 auctoritatem
1277 1849 1473 1912 domesticam

300 1950 461 2030 pertinere3
482 1949 551 2028 quia
572 1954 651 2011 corte
672 1937 862 2010 familiarum
864 1932 991 2011 interest
1012 1955 1045 2010 ut
1068 1949 1190 2011 honeste
1204 1956 1235 2011 et
1253 1946 1365 2010 utiliter
1385 1961 1475 2024 pera-

183 2059 185 2064 ’
300 2054 417 2128 gantur.
440 2047 480 2110 Αι
504 2062 541 2108 ex
565 2061 599 2108 eo
623 2044 703 2125 quod
724 2045 864 2124 aliquid
855 2062 886 2107 rn
908 2043 1066 2109 utilitatem
1087 2045 1167 2109 cedit
1186 2044 1314 2108 alicuius
1335 2044 1473 2120 subiecti,
1513 2036 1516 2043 ’

304 2146 423 2209 minime
438 2144 572 2223 sequitur
586 2153 619 2206 ut
632 2143 695 2206 eius
709 2141 839 2206 dominio
852 2143 1004 2206 subdatur.
1020 2140 1085 2208 Hoc
1099 2144 1177 2206 cuim
1193 2159 1250 2207 non
1270 2159 1307 2208 ox
1329 2142 1477 2217 subiecto,

302 2244 352 2308 cui
373 2241 531 2306 utilitatem
553 2242 648 2316 affert,
670 2241 722 2304 sod
742 2256 782 2318 exw
800 2247 905 2304 natura
926 2241 1032 2330 obiecti
1055 2247 1085 2304 et
1105 2256 1141 2304 cx
1162 2242 1230 2315 tine,
1249 2254 1339 2320 quem
1359 2240 1476 2305 directe

304 2350 336 2404 ct
358 2340 452 2420 primo
473 2338 604 2418 respicit,
625 2337 846 2401 diiudicandum
867 2345 922 2401 est.

771 2613 940 2680 daucunus
966 2613 1020 2694 V„

567 2743 617 2810 Dc
637 2744 747 2827 officiis
766 2750 914 2826 parentes
933 2747 1017 2811 inter
1036 2751 1068 2810 et
1088 2745 1210 2812 loheros.

346 2919 391 2986 19.
412 2920 486 3005 nutu
509 2920 646 2991 societas
668 2921 851 3009 parentalis.
866 2923 912 2988 liu
927 2923 1069 2989 societate
1090 2927 1237 3006 coniugali
1257 2943 1336 3003 mor,
1350 2935 1474 2991 naturae

302 3023 399 3101 ipsius
420 3038 520 3097 cursu,
540 3023 599 3086 alia
620 3022 715 3086 oritur
734 3023 861 3086 societas
875 3031 1011 3101 parentes
1025 3024 1101 3087 inter
1114 3032 1145 3087 et
1157 3024 1275 3099 liberos,
1288 3024 1341 3104 qui
1354 3041 1392 3087 cx
1405 3040 1474 3089 oon·

302 3120 382 3198 iugio
404 3120 612 3198 suscipiuntur.
636 3117 710 3182 Cum
732 3121 808 3183 enim
836 3121 869 3182 hi
897 3121 926 3182 in
956 3121 1084 3185 maxima
1106 3121 1267 3201 indigentia
1294 3130 1474 3187 enascantur

248 3297 257 3310 υ
303 3234 402 3282 rerum
423 3219 567 3293 omnium,
586 3233 662 3297 quae
682 3218 720 3280 ad
741 3219 833 3281 vitam
854 3219 1085 3282 conservandam
1105 3227 1135 3282 et
1156 3235 1254 3282 mores
1274 3219 1475 3284 informandos

303 3315 589 3396 pertinent'inditus
611 3317 782 3395 parentibus
804 3332 888 3380 amor
908 3304 1043 3396 estque
1063 3316 1101 3379 ad
1121 3317 1240 3381 eosdem
1255 3317 1375 3381 alendos
1389 3326 1476 3380 tuen-

304 3415 423 3493 dosque,
443 3423 543 3494 atque,
558 3429 610 3493 pro
624 3414 823 3478 conuenientia
838 3415 916 3489 finis,
929 3414 1086 3493 disciplina
1107 3415 1280 3479 imbuendos
1301 3414 1471 3478 incitantur.

303 3509 362 3586 Qui
383 3528 465 3576 amor
487 3512 515 3572 iu
536 3511 611 3590 ipsis
632 3527 687 3575 non
709 3512 796 3575 modo
816 3511 1003 3574 instinctirus
1017 3520 1074 3587 est,
1089 3513 1174 3575 cuius
1190 3514 1324 3576 umbram
1343 3510 1474 3591 aliquam

303 3609 333 3671 in
355 3609 457 3672 bestiis
477 3623 596 3689 qunque
619 3608 762 3682 ridemus,
783 3624 884 3671 rorum
905 3609 995 3672 etiam
1009 3617 1054 3672 est
1068 3609 1231 3684 rationalis,
1247 3626 1298 3687 seu
1311 3625 1349 3672 ex
1363 3609 1475 3672 ordinis

303 3714 446 3785 conceptu
470 3705 637 3785 procedens.
659 3703 758 3781 Quare
778 3707 987 3786 gravissimum
1008 3707 1139 3770 officium
1160 3707 1285 3771 includit
1302 3707 1474 3785 providendi
1578 3762 1579 3783 ,

303 3802 389 3884 natis,
411 3813 472 3866 tum
495 3804 590 3883 quoad
612 3819 730 3882 corpus,
751 3812 815 3866 turn
836 3803 934 3882 quoad
948 3803 1096 3878 animum;
1117 3805 1209 3868 donec
1223 3805 1266 3868 illi
1282 3803 1320 3867 ad
1334 3812 1474 3878 aemmm,

304 3917 362 3978 qua
383 3902 440 3964 sibi
463 3902 630 3980 prospicere
652 3902 771 3981 possint,
790 3901 975 3979 perueniant:
996 3909 1085 3980 atque
1098 3917 1136 3965 cx
1150 3903 1207 3967 hoc
1222 3902 1319 3967 officio
1333 3903 1381 3965 ius
1394 3903 1476 3966 cillo·

306 3999 397 4061 rescit
417 3999 575 4062 adhibendi
596 3999 694 4064 media
715 3999 811 4064 cidem
832 4006 1005 4078 opportuna.

345 4092 435 4160 Porro
455 4098 530 4161 haec
550 4098 713 4176 parentalis
727 4097 853 4160 societas
867 4096 981 4159 definiri
996 4106 1111 4177 posset:
1131 4095 1317 4164 Coniunctio
1332 4097 1477 4180 plurimo

353 4306 389 4370 (r)
406 4305 486 4356 Porta.
503 4307 544 4358 un.
561 4308 584 4358 r.

1576 3936 1579 4077 l

1577 4118 1579 4221 r
