3159 4934
381 298 465 339 CAPUT
485 298 510 341 ll.
527 300 561 339 blo
580 297 687 339 olricus
706 296 810 339 leohlrds
829 297 899 339 euch
917 297 989 338 hebet
1210 285 1258 339 141

91 411 274 475 auctoritate
299 412 439 483 conlisus,
467 426 503 473 ue
530 419 718 489 apparentem
745 411 863 489 quidem
889 411 1030 473 rationem
1055 411 1189 491 adiungit
1209 428 1264 475 cur

91 508 350 589 supernaturalem
371 508 575 573 revelationem
597 509 729 587 repellat.

133 609 175 670 At
196 622 258 669 rem
280 608 357 669 hanc
382 621 437 669 non
459 607 614 669 verborum
634 607 769 681 audacia,
789 607 841 670 sed
866 606 1014 669 rationum
1036 607 1191 670 momentis
1211 607 1263 669 de·

88 706 253 769 claremus.

521 816 843 897 PROPOSITIONES.

137 996 187 1062 39.
202 996 374 1063 Pnorosrno
392 997 431 1062 1⁸.
449 998 582 1063 Praeter
593 1001 748 1077 collutos,
763 1017 844 1078 quos
859 998 1005 1064 naturali
1018 997 1135 1063 lumime
1148 998 1262 1081 dehei-

89 1113 177 1173 mus,
193 1096 279 1159 oliae·
288 1096 416 1173 adsunt,
434 1097 478 1160 od
490 1114 569 1177 puae
584 1115 671 1160 mens
684 1096 825 1160 bumana
834 1117 894 1178 por
906 1116 940 1160 se
960 1114 1127 1177 decerpere
1147 1099 1261 1178 nequit.

134 1192 224 1257 Proh.
240 1193 450 1272 intelligentiae
474 1206 593 1259 nostrae
613 1196 710 1259 lumen
732 1196 849 1258 finitum
871 1211 935 1258 esse
955 1203 986 1258 et
1006 1196 1097 1259 certis
1118 1195 1262 1259 limitibus

89 1293 365 1370 circumscriptum,
387 1308 470 1355 nemo
492 1293 547 1355 nisi
568 1294 694 1363 insanus,
712 1292 840 1374 negabit.
855 1290 932 1368 Quid
947 1300 1045 1355 autem
1060 1293 1117 1354 sibi
1139 1292 1204 1354 vult
1218 1293 1264 1353 in·

90 1392 287 1471 telligeotiam
308 1391 438 1471 aliquam
460 1390 605 1456 limitibus
626 1394 840 1470 circumscribi,
862 1394 919 1456 nisi
940 1395 978 1456 ab
1000 1393 1049 1456 illa
1071 1408 1128 1456 non
1147 1407 1263 1457 omnem

90 1492 249 1552 veritatem
263 1490 366 1569 attingi
384 1505 478 1570 posse,
490 1492 541 1555 sed
553 1490 637 1568 plura
652 1507 716 1553 esse
730 1492 820 1555 immo
835 1492 923 1554 etiam
937 1492 1185 1570 innumeraque
1198 1492 1263 1555 eius

90 1589 188 1652 aciem
210 1590 406 1666 exsuperant?
429 1587 531 1663 Secum
552 1590 576 1653 si
599 1590 635 1652 ad
656 1604 741 1652 omne
763 1603 865 1652 verum
890 1606 922 1653 se
943 1590 1114 1669 porrigeret,
1129 1588 1263 1651 terminis

91 1687 123 1747 in
146 1686 347 1763 cognoscendo
367 1695 489 1750 careret.
511 1684 541 1750 Si
565 1688 657 1767 igitur
679 1690 807 1749 bumana
832 1689 907 1752 ratio
933 1689 1067 1751 terminis
1090 1688 1259 1762 cohibetur;

92 1782 265 1862 augustiore
286 1799 359 1861 gyro
379 1784 644 1861 comprehendatur
665 1792 789 1864 oportet,
804 1800 894 1863 quam
911 1787 951 1849 sit
971 1787 1085 1849 inlinita
1100 1784 1263 1864 amplitudo

90 1881 168 1954 veri,
182 1880 324 1945 obiectire
345 1881 478 1958 spectati.
500 1878 598 1955 Quare
618 1883 735 1946 omnino
756 1883 905 1961 desipiunt
929 1883 1131 1947 rationalistae
1150 1891 1181 1946 et
1195 1898 1264 1946 cou-

92 1977 267 2041 tradictoria
288 1978 377 2040 simul
396 1979 532 2057 iungunt,
546 1980 616 2041 dum
642 1989 769 2043 mentera
792 1988 923 2044 nostram
945 1982 1058 2046 linitam
1080 1997 1147 2045 esse
1160 1996 1265 2044 conee-

92 2082 178 2157 duut,
192 2088 229 2144 -et
254 2081 341 2143 simul
367 2082 505 2145 veritates
529 2082 673 2161 denegant
697 2099 775 2162 quae
800 2085 864 2148 eius
884 2084 977 2148 aciem
1000 2085 1261 2162 praeterlabantur.

93 2178 194 2254 Quam
215 2178 476 2245 contradictionem
498 2196 554 2244 non
574 2182 663 2244 aliter
683 2182 812 2261 ellegere
832 2190 966 2262 possunt,
988 2183 1043 2245 uisi
1064 2182 1188 2245 dicendo
1211 2187 1263 2242 aut

92 2280 228 2340 mentem
249 2284 377 2339 nostram
398 2293 462 2341 esse
476 2278 630 2352 inlinitum,
644 2286 696 2342 aut
710 2299 817 2342 oerum
837 2296 903 2344 esse
922 2281 1047 2343 linitum.
1063 2278 1119 2343 Sed
1135 2280 1262 2357 primum

60 2390 65 2398 ·
91 2376 219 2440 includit
241 2374 466 2453 pantheismum,
487 2376 556 2453 quia
577 2378 717 2439 rotionero
733 2384 864 2441 nostram
887 2393 955 2441 cum
976 2377 1077 2439 diviua
1098 2373 1262 2448 conlundit;

92 2474 256 2538 secundum
285 2473 407 2536 includit
434 2473 623 2548 atheismum,
647 2476 716 2552 quia
745 2474 890 2539 limitibus
912 2473 992 2536 affici
1020 2473 1121 2551 nequit
1142 2472 1262 2545 veritas,

92 2572 169 2650 quin
194 2572 258 2633 eius
287 2572 351 2635 lons
370 2579 400 2635 et
421 2572 606 2649 principium,
631 2587 734 2651 nempe
758 2570 850 2645 Deus,
871 2571 983 2651 pariter
1002 2571 1160 2635 afficiatur.
1182 2566 1263 2635 Deus

94 2676 196 2731 autem
217 2668 361 2731 limitibus
382 2670 516 2741 allectus,
537 2684 593 2731 non
615 2679 661 2731 est
681 2668 770 2733 Deus.

133 2766 302 2847 Praeterea,
322 2770 378 2830 etsi
398 2770 496 2842 bomo,
516 2768 584 2847 quia
607 2776 704 2831 mente
723 2777 754 2832 et
774 2768 886 2831 ratione
906 2766 1024 2841 inuitur,
1045 2765 1138 2829 multa
1150 2766 1187 2829 de
1201 2764 1278 2863 heo,

92 2870 216 2945 eiusque
232 2866 422 2929 relationibus
438 2866 564 2929 naturali
579 2866 688 2929 lumine
699 2872 876 2946 cognoscam
891 2873 986 2928 umen
1002 2864 1146 2928 eiusmodi
1161 2862 1264 2926 notitia

94 2981 149 3028 non
174 2963 261 3027 modo
281 2963 555 3027 excellentissimam
578 2964 657 3027 illam
678 2972 815 3029 naturam
837 2979 894 3028 non
908 2970 1061 3041 exaequat,
1077 2962 1130 3024 sed
1144 2962 1265 3040 iusuper

94 3061 191 3140 qualis
211 3076 246 3123 ea
267 3062 296 3123 iu
325 3078 358 3125 se
379 3062 427 3138 sit,
449 3078 504 3125 uou
525 3063 597 3125 satis
620 3063 797 3125 manifestat.
824 3058 901 3124 Nam
924 3062 953 3123 in
974 3058 1070 3125 Deum
1091 3059 1265 3122 naturaliter

94 3176 150 3224 uon
174 3158 367 3233 ascendimus,
387 3160 496 3223 nisiex
517 3160 748 3224 consideratione
770 3175 868 3223 rerum
892 3167 1069 3222 creatarum.
1084 3156 1145 3221 Res
1164 3166 1264 3219 autem

94 3266 212 3321 creatae
237 3272 292 3320 uon
317 3257 397 3320 aliud
422 3259 505 3322 uobis
529 3258 565 3321 de
580 3256 641 3321 Deo
668 3256 943 3330 manifestamus
968 3256 1031 3318 eius
1047 3254 1263 3328 exsistentiam,

97 3366 248 3435 tamquam
270 3371 425 3433 supremae
444 3372 561 3430 causae,
575 3364 605 3419 et
625 3371 676 3417 eas
696 3356 896 3433 perfectiones,
911 3369 988 3433 quae
1001 3368 1037 3415 en
1052 3359 1194 3429 conceptu
1214 3367 1264 3411 su-

97 3467 216 3531 premae
245 3468 352 3517 causae
378 3461 530 3517 eruuntur.
560 3475 578 3510 e
600 3450 674 3514 Cum
708 3451 884 3530 principium
917 3450 1009 3514 totius
1039 3448 1178 3511 scientiae
1209 3447 1263 3526 (ait

97 3548 127 3614 S.
143 3548 289 3629 Thomas),
301 3566 389 3629 quam
404 3549 440 3613 de
455 3550 551 3629 aliqua
567 3564 598 3611 re
613 3550 689 3612 ratio
704 3548 839 3627 percipit,
850 3550 889 3611 sit
901 3545 1067 3611 intellectus
1078 3544 1261 3608 substantiae

95 3648 202 3728 ipsius,
214 3664 247 3713 eo
259 3648 337 3728 quod
355 3648 516 3711 secuudum
531 3648 694 3711 doctrinam
712 3647 882 3726 philosophi
896 3645 1170 3710 demonstrastionis
1185 3644 1267 3721 prin·

96 3749 206 3829 cipium
221 3747 364 3827 estquod
383 3746 459 3829 quid
478 3750 545 3824 est,·
559 3755 673 3825 oportet
687 3746 765 3825 quod
781 3745 940 3809 secundum
956 3744 1086 3815 modum,
1100 3741 1178 3820 quod
1193 3742 1263 3803 suh·

96 3847 204 3909 stantia
226 3848 267 3910 rei
287 3845 470 3925 intelligitur,
485 3845 524 3907 sit
544 3859 644 3909 eorum
661 3844 765 3907 modus
786 3859 862 3922 quae
878 3842 915 3905 de
929 3858 959 3904 re
974 3840 1024 3902 illa
1038 3845 1263 3918 cognoscuntur.

95 3942 179 4009 Unde
193 3944 218 4005 si
239 3945 404 4008 intellectus
423 3945 570 4007 humanus
595 3942 722 4005 alicuius
745 3941 786 4004 rei
812 3940 1008 4003 substantiam
1029 3938 1262 4016 comprehendit,

95 4052 167 4120 puta
187 4042 295 4120 lapidis
309 4042 354 4106 rel
375 4040 527 4120 trianguli:
543 4038 656 4102 nullum
677 4037 903 4116 intelligibilium
923 4036 1006 4098 illius
1029 4036 1072 4098 rei
1091 4036 1263 4100 facultatem

94 4140 243 4202 humanae
256 4139 378 4202 rationis
391 4136 519 4203 excedet.
535 4135 617 4210 Quod
633 4135 751 4214 quidem
769 4137 851 4198 nobis
866 4134 946 4198 cirea
959 4132 1054 4198 Deum
1069 4150 1126 4199 non
1145 4135 1263 4199 accidit.

94 4232 174 4299 Nam
189 4238 227 4301 ad
242 4238 437 4301 substantiam
453 4235 545 4315 ipsius
557 4232 740 4312 capiendam,
754 4232 918 4297 intellectus
933 4234 1085 4299 humanus
1098 4249 1154 4297 nou
1169 4238 1265 4312 potest
