3159 4934
287 316 340 373 106
799 332 940 375 nrnrot

283 442 420 505 ducenda
433 450 505 504 sunt
525 444 563 504 ad
586 458 757 521 supremum
778 444 898 521 aliquod
920 454 1120 524 praeceptum,
1140 448 1219 525 quod
1237 448 1369 525 proxime
1384 449 1459 510 fluat

284 554 320 603 ex
341 540 407 602 idea
421 540 500 604 honi.
515 538 600 604 Sicut
619 542 711 619 igitur
725 543 754 603 in
776 543 872 619 primo
891 543 993 608 ordine
1012 560 1183 622 supremum
1202 546 1380 623 principium
1395 553 1454 609 est:

283 634 324 698 N
322 654 362 701 on
374 642 481 717 potest
494 636 575 701 idern
595 637 692 701 simui
705 655 771 701 csse
784 644 817 701 et
829 657 892 703 non
905 655 990 717 ecse;
1004 641 1048 704 sie
1068 642 1098 702 in
1113 642 1241 705 secundo
1254 650 1314 704 est:
1328 638 1459 705 Bonnm

286 738 335 797 eet
352 734 611 815 prosequendam,
634 740 665 798 ct
683 735 802 799 mnam
822 736 994 801 citandam.
1016 736 1108 803 Seous
1131 738 1179 801 lex
1206 740 1359 817 naturalis,
1380 754 1461 818 quae

288 835 453 912 praeceptis
473 835 596 898 rationis
618 836 767 911 practicae
787 836 962 909 continetur,
981 852 1038 899 non
1058 844 1139 899 esset
1159 854 1225 899 una.
1242 834 1382 899 «Omnia
1401 837 1460 899 ista

287 939 443 1009 praecepta
467 932 543 1009 legis
568 940 700 1011 naturae,
725 932 768 994 ait
794 929 823 995 S.
844 930 984 1014 Thomas,
1009 936 1206 1013 inquantum
1232 935 1401 997 referuntur
1420 934 1461 996 ad

287 1045 378 1090 unum
393 1030 522 1107 primum
538 1038 736 1106 pracceptum,
751 1030 862 1093 hahent
875 1031 1017 1094 rationem
1031 1031 1118 1093 unius
1132 1032 1207 1110 legis
1221 1031 1365 1095 naturalis
1375 1030 1431 1111 (l).
1442 1052 1460 1088 s

329 1124 421 1189 Obiie.
437 1124 473 1189 ll.
489 1124 660 1204 Philosophi
675 1127 761 1191 valde
782 1128 958 1190 dissentiunt
972 1130 1001 1191 in
1016 1129 1401 1208 determinandoquodnam
1417 1131 1461 1192 sit

283 1226 413 1303 primum
428 1224 604 1302 principium
624 1224 697 1303 legis
718 1223 870 1286 naturalis.
885 1223 966 1303 Ergo
987 1226 1104 1305 signum
1123 1236 1170 1289 est
1189 1226 1362 1289 huiusmodi
1377 1228 1463 1304 prin-

284 1322 396 1400 cipium
417 1322 512 1400 detegi
533 1338 590 1385 nou
612 1338 704 1401 posse.
726 1320 813 1385 Proh.
835 1323 1018 1386 antecedens.
1039 1320 1161 1387 Hohhcs
1184 1339 1237 1401 pro
1258 1324 1355 1401 primo
1378 1326 1462 1402 prin-

284 1418 362 1496 cipio
377 1419 450 1481 iuris
465 1426 586 1482 naturae
600 1420 719 1483 statuit:
737 1418 950 1497 praecedam
965 1438 1031 1483 esse
1041 1439 1159 1499 pacem,
1174 1422 1205 1483 si
1216 1420 1326 1483 habnt
1336 1422 1462 1500 possin

283 1516 351 1588 ant,
365 1514 395 1576 si
414 1533 478 1577 non
495 1517 606 1595 possit,
621 1516 832 1593 comparanda
851 1535 918 1579 esse
937 1516 1061 1579 aretae
1081 1515 1161 1581 beiti.
1176 1517 1370 1582 Thomasius:
1386 1516 1462 1580 Fa-

283 1610 393 1675 cienda
421 1630 495 1688 csse,
518 1631 596 1693 qaue
623 1612 720 1675 vitam
740 1612 875 1677 hominis
895 1612 1034 1678 reddant
1057 1616 1193 1678 manime
1215 1614 1403 1679 diuturnam
1427 1621 1462 1679 ct

283 1708 519 1787 felicissimam·
535 1711 667 1775 citanda
683 1711 808 1790 pariter
828 1712 869 1774 iis
889 1714 1040 1792 opposita.
1056 1712 1179 1777 Grotius
1193 1722 1222 1777 ct
1237 1713 1460 1778 Pudendordus

284 1809 321 1871 ad
343 1809 520 1886 principium
536 1810 710 1872 socialitatis
726 1811 911 1889 confugiunt:
926 1808 1061 1873 Homini
1079 1809 1237 1886 nimirum,
1253 1814 1408 1891 mantem
1421 1815 1460 1873 in

283 1907 352 1985 ipso
365 1909 420 1981 est,
434 1904 593 1969 catenatam
607 1924 675 1971 esse
689 1912 718 1971 et
732 1906 919 1971 seruandam
935 1907 1149 1971 socialitatem.
1165 1906 1206 1972 Ut
1222 1925 1291 1971 uero
1306 1908 1342 1972 de
1357 1924 1463 1971 recen·

284 2004 409 2067 tiorihus
430 2003 542 2082 aliquid
563 2004 736 2083 attingatur,
750 2004 926 2069 Emmanuel
941 2004 1023 2068 Kant
1043 2006 1232 2084 principium,
1246 2006 1324 2083 quod
1339 2005 1465 2085 quaeri-

283 2111 342 2174 tur,
356 2102 386 2163 in
401 2102 521 2164 actione
534 2120 555 2163 a
566 2102 668 2179 priori
680 2102 820 2179 reposuit,
835 2118 889 2165 seu
902 2103 933 2164 in
952 2103 1067 2166 actione
1080 2118 1156 2182 quae
1171 2104 1224 2164 fiat
1239 2103 1322 2167 unice
1337 2112 1463 2180 propter

283 2202 378 2280 legem
393 2200 525 2273 rationis,
541 2200 603 2261 sine
618 2199 676 2261 ullo
697 2207 834 2277 respectu
855 2200 893 2261 ad
914 2200 1071 2277 empiricos
1092 2200 1225 2272 edoctus,
1248 2199 1387 2261 utilitatis
1401 2208 1459 2261 aut

282 2298 390 2362 damni.
413 2298 512 2375 Atque
532 2296 676 2359 eiusmodi
700 2296 887 2374 principium,
908 2297 986 2374 quod
1007 2296 1225 2375 imperativam
1246 2296 1462 2377 eateporicnm

283 2396 506 2475 appellavique
525 2394 686 2473 expressit:
702 2390 756 2456 Sic
777 2411 844 2473 ape,
859 2396 897 2456 at
916 2392 976 2467 tea,
997 2412 1092 2473 qnam
1106 2391 1263 2455 volomtati
1277 2397 1350 2456 tnnc
1357 2411 1459 2471 prae·

282 2494 400 2570 stitnis,
415 2492 517 2556 ualere
524 2492 629 2571 possit
638 2510 698 2570 pro
714 2492 859 2571 cenerati
878 2510 990 2555 norma
1004 2490 1157 2569 operandi
1169 2488 1221 2570 (i).
1239 2488 1364 2553 Gousin:
1379 2488 1460 2553 Idne

282 2589 421 2664 liberam,
435 2608 527 2653 mane
541 2586 670 2652 liberam
685 2586 743 2669 (3),
759 2588 916 2653 Damirou:
930 2586 1151 2651 Eootntionem
1167 2586 1296 2674 plenam
1317 2588 1462 2651 omnium

281 2686 483 2763 facultatum,
505 2693 644 2765 tauquam
666 2688 795 2765 primum
822 2694 1022 2765 praeceptum,
1043 2704 1078 2749 ex
1100 2702 1158 2764 quo
1185 2685 1299 2763 reliqua
1324 2688 1466 2759 fluerent,

283 2784 483 2846 decreuerunt.
494 2781 626 2861 Denique
641 2782 747 2847 Fiohte
762 2798 815 2861 pro
828 2783 931 2846 morali
943 2780 1150 2845 omnimodam
1164 2780 1464 2860 independentiam5

282 2895 337 2957 pro
355 2880 420 2943 iure
441 2880 543 2943 sociali
565 2882 622 2943 hoc
643 2881 821 2959 principium
847 2881 1022 2944 constituit:
1043 2874 1153 2957 Diiipe
1172 2881 1202 2941 te
1221 2896 1319 2957 snper
1341 2878 1463 2957 omnia,

282 2980 314 3037 et
329 2974 414 3037 ¹aiios
434 2973 573 3039 homines
588 2980 720 3055 propter
742 2980 778 3039 te.

323 3072 359 3136 R.
379 3070 534 3135 Transeat
553 3072 746 3149 antecedens,
762 3083 791 3137 et
811 3092 889 3154 nepo
910 3090 1108 3152 consequens.
1124 3072 1157 3136 ln
1180 3075 1285 3151 primis
1307 3076 1385 3136 enim
1405 3074 1466 3135 lal-

283 3186 350 3234 sum
364 3177 420 3243 est,
435 3185 534 3233 omnes
549 3171 740 3249 philosophos
754 3174 811 3235 hac
832 3173 863 3233 in
883 3187 915 3233 re
929 3170 1095 3233 dissentire.
1111 3167 1189 3232 Nam
1204 3168 1464 3234 Scholasticorum

280 3262 343 3331 fere
356 3268 486 3330 omnium
503 3282 609 3345 magna
620 3268 676 3329 luit
689 3269 852 3342 consensio,
864 3268 973 3346 quihus
987 3267 1074 3330 multi
1088 3284 1105 3329 e
1119 3269 1333 3332 recentioribus
1348 3268 1466 3331 adhae-

282 3372 391 3427 serunt.
407 3362 529 3438 Deinde,
542 3364 686 3443 quidquid
707 3367 746 3427 sit
766 3366 803 3428 de
823 3366 1021 3443 discrepantia
1045 3364 1299 3443 philosophorum,
1314 3381 1350 3428 ex
1364 3381 1400 3428 ea
1414 3366 1464 3427 in·

280 3462 351 3525 lerri
372 3454 475 3540 nequit
495 3462 666 3549 rem-circa
695 3478 783 3541 quam
810 3473 953 3541 uersatur,
975 3478 1038 3525 esse
1065 3463 1227 3537 incertam3
1250 3480 1337 3527 secus
1362 3463 1466 3528 multa

280 3568 463 3634 corruerent,
476 3576 553 3638 quae
575 3567 671 3622 tanmn
694 3570 763 3623 sunt
784 3562 959 3623 certissima.

322 3658 371 3720 Ad
393 3657 525 3735 singulas
541 3667 638 3719 autem
659 3658 821 3735 opiniones,
841 3662 917 3738 quae
934 3658 1039 3721 allatae
1059 3667 1138 3734 sunt,
1153 3674 1263 3737 repono
1283 3675 1388 3722 earum
1403 3660 1464 3723 ial-

281 3753 399 3816 sitalem
414 3754 501 3817 facile
515 3754 720 3818 demonstrari.
736 3754 815 3819 Nam
829 3759 951 3819 ellatum
965 3753 1187 3819 Hohhesianum
1201 3773 1259 3820 non
1277 3759 1365 3821 modo
1377 3770 1465 3823 caret

282 3853 521 3928 proprietatibus,
535 3853 644 3931 quibus
664 3853 798 3931 insigniri
820 3854 906 3917 dehet
927 3855 1054 3931 primum
1077 3854 1256 3932 principium
1276 3855 1352 3935 legis
1373 3866 1467 3919 natu-

281 3945 369 4021 ralis3
383 3950 433 4011 sed
454 3951 554 4025 etiam,
569 3950 613 4013 sie
634 3951 753 4014 confuse
773 3952 968 4029 propositum,
983 3950 1021 4011 ad
1043 3965 1140 4014 mores
1159 3952 1363 4016 informandos
1378 3954 1466 4019 nullo

327 4114 362 4176 (1)
381 4115 493 4165 Samma
510 4120 546 4167 rh.
562 4119 597 4167 1.·
611 4118 660 4169 2³⁰
677 4135 700 4183 q.
716 4119 803 4177 XCIV,
818 4134 834 4167 a
850 4119 866 4166 2
882 4120 915 4168 ad
932 4120 976 4167 l.¹¹¹

327 4193 361 4253 (2)
382 4194 481 4243 Critica
496 4196 558 4255 Rnt.
571 4200 700 4259 praticae,
717 4214 776 4262 pars
794 4198 812 4254 1,
826 4196 841 4247 Ι.
859 4198 881 4256 l,
892 4213 913 4248 e.
932 4200 953 4257 l,
969 4206 983 4257 s
999 4200 1021 4248 7.

328 4272 363 4333 (3)
384 4273 469 4322 Gours
484 4273 586 4324 d'Ht'st.
603 4278 634 4325 de
646 4278 717 4339 phil.
734 4292 802 4326 neor.
819 4277 867 4327 lec.
885 4277 903 4326 I.
