3159 4934
374 349 457 391 curun
476 349 492 389 1.
512 349 546 392 nnc
564 349 624 391 mun
641 348 812 392 ornnunroms
831 350 958 391 1111111111
1216 335 1251 394 31

91 460 274 522 commodum.
291 459 376 532 Quod
397 461 424 522 si
443 461 474 522 in
495 461 551 524 hoe
566 477 622 524 nun
637 460 720 540 plena
743 461 828 540 quies
843 469 873 523 et
887 463 1002 540 integra
1022 464 1150 526 exomni
1168 472 1251 540 parte

24 573 25 576 ’
91 557 275 620 inclinationis
296 559 441 622 naturalis
456 559 583 636 expletio
603 560 740 632 habetur,
754 558 785 620 id
807 559 1101 622 mirandumnemini
1123 568 1184 633 est;
1207 563 1251 624 si·

90 657 197 734 quidem
220 673 274 719 non
296 657 333 718 de
354 659 411 719 tine
432 657 535 720 ultimo
556 672 592 719 ae
613 656 753 718 felicitate
774 656 930 733 completa,
950 657 1001 718 sed
1025 658 1139 720 detine
1160 660 1251 721 inter-

91 754 176 816 medio
192 771 227 817 ac
247 754 388 818 felicitate
408 754 587 832 incompleta
608 755 716 833 agitur.
732 751 833 827 Porro,
854 755 1101 832 quemadmodum
1122 756 1249 820 felicitas

92 852 165 930 plena
180 853 273 930 poscit
289 859 322 914 ut
336 853 408 915 nihil
428 853 505 915 uitta
527 853 723 931 appetendum
745 852 884 930 supersit,
906 853 956 915 sed
977 856 1072 916 omnis
1094 857 1249 932 propensio

91 959 211 1024 naturae,
232 953 358 1030 quaein
380 959 461 1014 statu
481 952 534 1015 illo
555 952 643 1031 viget,
664 958 829 1026 saturetur3
853 953 897 1014 sic
918 952 1088 1030 imperfecta
1113 953 1249 1028 felicitas,
1292 992 1295 997 ι

91 1049 140 1110 hoc
159 1050 221 1126 ipso
242 1051 321 1129 quod
343 1051 515 1127 imperfecta
535 1059 589 1126 est,
608 1066 676 1112 cnm
699 1049 830 1113 ulteriori
853 1051 1053 1129 propensione,
1069 1044 1159 1113 immo
1180 1066 1248 1114 enm

91 1146 230 1210 doloribus
249 1157 279 1210 et
301 1149 464 1212 delentibus
484 1147 595 1227 optime
615 1149 751 1211 sociatur.

125 1241 208 1307 Hand
237 1252 334 1308 tamen
362 1247 486 1324 inficior,
511 1264 569 1325 quo
590 1247 685 1325 magis
715 1246 830 1310 dolones
852 1248 883 1309 hi
912 1247 1082 1310 minuantur
1102 1256 1132 1310 et
1152 1255 1248 1310 cetera

88 1351 239 1420 augescant
254 1344 329 1405 bona
344 1343 443 1423 (modo
457 1345 551 1408 ordini
565 1345 679 1418 morali,
693 1349 744 1423 qni
765 1346 882 1423 proprie
901 1345 1072 1408 felicitatem
1089 1347 1250 1425 praesentis

93 1441 160 1503 vitae
173 1443 336 1516 constitnit,
352 1459 408 1506 non
423 1443 646 1522 contradicant),
658 1459 691 1506 eo
706 1444 812 1506 melius
827 1452 963 1506 naturam
977 1445 1148 1518 humanam,
1164 1454 1250 1522 prout

92 1541 243 1618 composita
259 1550 315 1614 est,
330 1558 362 1604 se
376 1542 493 1604 habere.
510 1539 568 1604 Sed
581 1541 612 1603 id
628 1557 730 1604 verum
745 1530 791 1605 est
812 1557 867 1604 non
888 1543 985 1620 quoad
999 1541 1248 1619 substantialem,

94 1645 122 1696 nt
138 1637 176 1698 ita
198 1639 305 1712 dicam,
326 1640 495 1703 felicitatem
518 1641 644 1704 hominis
667 1642 825 1718 propriam,
846 1641 899 1704 sed
925 1641 1022 1720 quoad
1043 1640 1250 1704 accidentalia

85 1736 233 1810 nonedam,
254 1753 330 1814 qnae
350 1738 520 1802 felicitatem
542 1739 756 1815 quodammodo
781 1737 965 1815 amplificant
985 1739 1035 1800 sed
1064 1754 1120 1801 non
1141 1740 1250 1802 eonsti-

91 1839 175 1894 tuunt.
197 1834 295 1912 Atque
316 1836 373 1897 hoc
395 1853 490 1914 sensu,
508 1837 606 1899 minus
629 1837 756 1914 proprio,
771 1835 865 1899 solent
885 1835 1016 1899 infelices
1032 1836 1183 1914 appellari,
1196 1837 1250 1916 qui

89 1933 203 1994 terrems
220 1933 305 1994 bonis
325 1935 385 1996 fere
401 1935 517 1997 omnino
532 1941 642 2008 carent,
657 1941 708 1998 ant
722 1950 829 2013 magna
851 1934 979 2012 quadam
1001 1935 1169 1997 calamitate
1185 1949 1251 2012 pre·

88 2037 209 2093 munitur.
232 2031 289 2104 Qui
310 2039 407 2094 tamen
433 2033 468 2106 si,
489 2036 599 2096 virtute
627 2033 715 2095 animi
741 2035 903 2096 carentiam
929 2031 1009 2094 illam
1036 2034 1176 2096 bonorum
1198 2028 1254 2094 ant¹

92 2128 259 2192 calamitatis
284 2130 468 2192 tolerantiam
489 2131 528 2192 ad
548 2131 678 2194 ordinem
701 2130 840 2194 moralem
862 2132 891 2192 in
913 2147 946 2193 se
967 2131 1200 2194 confirmandum
1220 2138 1250 2193 et

91 2228 250 2303 augendum
275 2230 414 2302 flectunt;
435 2228 519 2308 longe
539 2229 684 2294 feliciores
707 2229 828 2307 putandi
850 2238 927 2304 sunt,
948 2246 1036 2308 qnam
1058 2230 1090 2304 ii,
1110 2228 1161 2307 qni
1182 2244 1250 2292 eon·

86 2325 172 2387 simili
192 2328 300 2388 virtute
322 2336 454 2390 carentes
474 2330 581 2390 ceteris
603 2329 687 2390 bouis
709 2327 894 2390 inferioribus
915 2328 1074 2389 abundant.

125 2423 481 2498 contemnendorum,
511 2423 654 2488 «111111
683 2426 861 2488 beatitudine
886 2426 1055 2502 imperfecta
1086 2424 1249 2502 requiritur

88 2523 267 2602 congregatio
295 2523 437 2587 donorum
466 2525 674 2586 sufficientium
702 2524 739 2585 ad
772 2525 1015 2601 perfectissimam
1048 2524 1247 2599 operationem

85 2621 169 2682 huius
189 2624 265 2684 vitae
281 2620 332 2700 (1).
347 2643 365 2678 s
380 2621 419 2684 Et
440 2623 510 2685 alibi
532 2637 593 2685 rem
615 2622 784 2684 distinctius
805 2622 956 2699 explicans
977 2621 1034 2682 ait:
1054 2643 1071 2677 ‹<
1087 2621 1135 2683 Ad
1156 2619 1247 2683 beati·

24 2713 25 2716 ’
85 2719 209 2782 tudinem
231 2720 445 2798 imperfectam,
466 2719 563 2797 qualis
583 2719 612 2781 in
633 2719 691 2782 hac
713 2720 775 2782 vita
800 2727 896 2796 potest
923 2705 1036 2792 haberi,
1059 2718 1248 2796 requiruntur

83 2819 225 2880 exteriora
253 2819 339 2892 bona,
366 2832 423 2879 non
451 2817 535 2894 quasi
565 2817 601 2879 de
628 2818 753 2898 essentia
783 2816 971 2878 beatitudinis
999 2817 1166 2890 existentia,
1193 2815 1244 2878 sed

83 2919 167 2990 quiesi
188 2914 451 2978 instrumentaliter
472 2914 665 2978 deservientia
681 2914 865 2989 beatitudini,
878 2931 954 2992 qnae
975 2912 1110 2977 consistit
1131 2915 1160 2975 in
1180 2929 1249 2991 ope-

84 3011 193 3074 ratione
213 3013 340 3074 virtutis.
362 3011 477 3090 indiget
497 3013 574 3075 enim
596 3013 683 3076 homo
709 3013 737 3074 in
759 3014 817 3074 hac
843 3013 902 3073 vita
925 3013 1096 3074 necessariis
1121 3011 1249 3090 conponi,

83 3119 143 3172 tam
166 3112 201 3173 ad
227 3113 423 3190 operationem
448 3112 566 3175 virtutis
588 3111 841 3188 contemplativae,
861 3127 951 3189 quam
973 3111 1061 3171 etiam
1084 3109 1122 3172 ad
1145 3123 1248 3186 opera·

84 3211 191 3272 tionem
205 3211 325 3272 virtutis
339 3211 464 3290 activae,
479 3211 516 3271 ad
531 3227 620 3288 qnam
635 3211 723 3272 etiam
740 3208 824 3286 plura
845 3207 903 3269 alia
924 3208 1124 3285 requiruntur,
1138 3208 1247 3284 quibus

79 3317 214 3370 exerceat
235 3325 322 3386 opera
344 3309 459 3371 activae
476 3308 603 3372 virtutis.
620 3306 676 3370 Sed
697 3307 734 3369 ad
758 3306 966 3369 beatitudinem
987 3307 1157 3383 perfectam,
1173 3320 1247 3383 quae

79 3409 112 3467 in
141 3407 248 3469 visione
275 3405 329 3469 Dei
357 3407 499 3480 consistit,
523 3405 603 3468 nullo
630 3405 716 3467 modo
746 3404 916 3468 huiusmodi
944 3404 1020 3467 bona
1049 3403 1246 3481 requiruntur.

79 3503 176 3566 Cuius
195 3507 268 3570 ratio
285 3514 341 3579 est,
355 3507 423 3584 quia
445 3505 540 3568 omnia
555 3503 725 3566 huiusmodi
741 3502 815 3566 bona
834 3502 979 3564 exteriora
994 3501 1040 3563 vel
1057 3501 1247 3578 requiruntur

78 3603 118 3664 ad
142 3603 380 3667 sustentationem
402 3602 538 3665 animalis
554 3603 696 3678 eorporis,
711 3600 757 3664 vel
774 3600 964 3679 requiruntur
984 3600 1022 3661 ad
1042 3598 1157 3677 aliquas
1178 3613 1245 3674 ope·

78 3701 217 3774 rationes,
236 3718 312 3780 qnas
333 3717 384 3778 per
410 3701 534 3764 animale
560 3715 667 3776 eorpus
693 3714 875 3770 exercemus,
904 3713 981 3776 quae
1001 3698 1148 3758 humanae
1169 3695 1247 3758 vitae

79 3800 262 3862 conveniunt.
278 3798 331 3863 illa
346 3807 443 3862 autem
460 3799 586 3877 perfecta
599 3797 762 3871 lteatitndo,
777 3798 892 3875 quaein
907 3795 1017 3857 visione
1033 3794 1087 3857 Dei
1102 3793 1248 3866 consistit,

79 3899 124 3961 vel
148 3898 205 3960 erit
225 3899 254 3960 in
274 3898 372 3959 anima
394 3899 455 3959 sine
475 3911 607 3974 corpore,
623 3894 669 3959 vel
691 3895 746 3958 erit
767 3896 797 3956 in
812 3895 909 3968 anima
922 3893 1038 3970 corpori
1060 3893 1169 3968 iuncta,
1190 3906 1247 3953 non

77 3998 135 4058 iam
161 3995 290 4068 animali,
312 3995 363 4057 sed
384 3994 543 4073 spirituali:
565 4002 594 4056 et
615 3994 680 4056 ideo
701 3992 781 4056 nullo
803 3991 890 4054 modo
911 3989 1081 4052 huiusmodi
1102 3989 1247 4052 exteriora

77 4095 153 4158 hona
179 4095 369 4172 requiruntur
396 4093 434 4156 ad
454 4091 535 4154 illam
556 4091 776 4168 beatitudinem,
799 4105 867 4152 cum
895 4087 1066 4151 ordinentur
1094 4088 1247 4182 advitam

120 4307 159 4369 (1)
178 4308 292 4357 Summo
308 4307 343 4356 tt.
362 4307 397 4356 1⁸.
414 4305 462 4355 2²⁰.
481 4321 503 4370 q.
520 4305 561 4364 111,
578 4303 630 4354 a.3
647 4302 680 4354 ad
695 4301 717 4351 2.
