3159 4934
426 387 510 432 catur
528 391 544 431 r.
564 389 599 432 uu
617 389 758 432 sociarum
775 389 923 433 nouusrrcn
1005 442 1009 451 ,
1205 383 1255 439 iit

75 517 303 582 personarum,
324 518 403 578 quoe
421 519 477 580 per
490 500 592 580 ipsum
607 505 765 577 notorum,
780 500 973 566 educationis
984 503 1102 583 pratia,
1122 507 1261 569 sociatae

82 601 171 664 sunt.
193 595 275 672 Quae
296 599 426 662 delinitio
440 606 474 661 ut
487 600 544 662 rite
557 600 748 680 intelligatur,
764 600 1055 665 animadvertendum
1069 611 1125 679 est,
1146 605 1261 669 idolico
1366 625 1370 633 ’

82 698 147 761 dici
166 696 307 777 plnrinm
322 695 540 775 personarum,
561 698 631 776 quia
653 698 756 762 saltem
783 697 880 776 proles
903 715 959 761 una
988 710 1019 762 et
1048 715 1154 779 pareus
1182 719 1260 765 uuus

82 795 268 874 exquisitum
283 794 352 858 addi
366 811 434 858 vero
443 813 502 874 per
515 795 616 874 ipsum
631 798 791 871 naturum,
810 796 881 875 quia
903 811 960 860 uon
981 813 1017 859 er
1035 803 1190 862 contractu
1204 798 1260 861 im·

83 893 201 973 plicito,
217 905 249 955 ut
265 891 392 956 nonnulli
408 893 497 955 stulte
514 893 679 971 opinantur,
694 893 746 956 sed
767 894 796 956 vi
818 893 913 971 ipsius
926 894 1094 957 nativitatis
1116 895 1169 958 filii
1191 911 1258 959 cum

83 991 261 1069 parentibus
276 992 332 1054 bac
348 991 487 1055 societate
501 991 639 1070 ligantur.
656 989 789 1070 Denique
804 991 854 1054 illa
870 992 958 1055 verba
980 990 1174 1056 educationis
1185 1012 1261 1073 pro·

84 1089 136 1152 tio
150 1090 235 1152 linem
251 1090 314 1151 eius
328 1089 478 1152 societatis
493 1089 628 1165 innuunt,
643 1089 694 1169 qui
710 1105 769 1152 uuo
789 1089 933 1153 uocabulo
953 1087 1147 1155 educationis
1161 1093 1261 1170 expri-

85 1190 198 1263 mitur;
218 1197 362 1266 quatenus
383 1204 416 1251 ea
438 1203 508 1251 voce
528 1188 817 1266 comprehenduntur
838 1204 927 1251 curae
946 1189 1179 1268 omnes,quibus
1193 1202 1261 1270 eget

86 1285 205 1351 soboios
226 1295 258 1348 ut
280 1292 447 1349 succrescat
467 1293 496 1348 ct
518 1286 601 1348 bouis
622 1285 754 1348 moribus
775 1285 957 1348 informetur.

128 1381 178 1447 20.
200 1379 347 1451 Educatio
371 1379 465 1468 prolis
485 1386 608 1466 spectat
629 1380 669 1448 ad
691 1386 851 1468 parentes.
874 1381 1007 1446 lamvero
1028 1383 1103 1447 baec
1124 1385 1261 1448 educatio

87 1499 145 1547 uon
168 1483 254 1545 unius
276 1489 389 1544 tautum
410 1481 462 1544 sed
477 1481 631 1558 utriusque
652 1481 782 1559 parentis
797 1481 914 1559 propria
929 1490 984 1544 est.
1000 1479 1140 1546 Attamen
1155 1483 1262 1560 potiori

86 1582 154 1645 iure
175 1581 213 1644 ad
235 1587 348 1659 patrem
371 1580 505 1668 pertinet,
525 1579 576 1658 qui
599 1580 732 1658 propriae
753 1578 883 1640 iamiliae
904 1587 995 1657 caput
1021 1585 1126 1642 estet
1154 1580 1259 1642 morali

71 1681 260 1761 'perfectioni
287 1678 546 1743 communicandae
573 1679 678 1756 aptior.
709 1676 911 1741 Nihilominus
939 1677 1045 1756 primis
1065 1673 1162 1752 arinis,
1191 1694 1260 1741 cum

88 1778 187 1859 proles
206 1777 315 1841 nullius
336 1775 487 1840 rationalis
507 1775 905 1854 educationiscapacitatem
927 1776 1027 1850 babet,
1049 1776 1154 1840 melios
1177 1793 1262 1840 ener-
1319 1818 1321 1822 ψ

86 1885 175 1942 cetur
195 1893 212 1940 a
233 1884 336 1949 matre,
356 1891 432 1953 quae
454 1883 523 1937 tunc
544 1875 616 1938 buic
636 1875 750 1937 muneri
771 1875 858 1953 longe
878 1882 924 1938 est
941 1875 1199 1939 accommodatior.
1214 1875 1263 1939 Ad

88 1974 258 2038 huiusmodi
281 1981 378 2036 autern
400 1974 488 2034 linem
510 1973 698 2037 obtinendum
719 1979 853 2052 potestas
874 1974 1046 2052 parentibus
1073 1975 1158 2050 inest,
1186 1991 1263 2054 quae

84 2073 198 2153 patrio
217 2078 416 2150 nuncupatum
441 2077 593 2150 propterea
615 2072 693 2150 quod
714 2073 743 2134 in
765 2078 849 2149 patre
871 2070 1059 2149 potissimum
1076 2072 1195 2147 residet,
1209 2075 1264 2153 qui

89 2172 196 2250 magis,
218 2178 251 2232 ut
271 2171 410 2247 diximus,
432 2170 528 2233 officio
549 2168 718 2232 educandae
740 2169 831 2248 prolis
851 2171 1057 2250 obstringitur.
1079 2169 1119 2234 Et
1139 2187 1170 2234 re
1191 2187 1263 2234 sane

90 2284 171 2342 vera,
192 2266 337 2345 quomodo
358 2266 471 2343 concipi
492 2275 591 2345 posset
612 2267 753 2358 obligatio
773 2269 811 2330 ad
826 2267 856 2329 id
872 2267 1093 2345 praestandum,
1107 2269 1179 2346 quio
1193 2284 1265 2332 con·

89 2366 172 2429 tinuo
192 2363 318 2428 facultas
339 2365 523 2441 concipiatur
543 2372 573 2428 et
593 2365 640 2429 ius
663 2365 822 2429 adhibendi
851 2366 958 2440 media,
979 2383 1055 2445 quae
1083 2368 1121 2429 ad
1149 2373 1261 2430 rectam

90 2465 170 2527 banc
191 2461 394 2525 educationem
415 2462 648 2540 prosequendam
669 2461 857 2526 conducunt?
882 2460 938 2525 Cui
964 2463 1095 2526 vicissim
1123 2465 1264 2540 potestati

88 2559 224 2624 debitum
245 2558 273 2621 iu
295 2559 365 2621 filiis
386 2558 606 2635 obtemperandi
628 2558 785 2638 respondet
805 2568 896 2639 atque
916 2560 1057 2638 implendi
1076 2576 1121 2634 ea,
1142 2576 1218 2640 quae
1246 2541 1350 2645 ass

92 2659 264 2737 parentibus
280 2655 529 2735 praescribuntur.
544 2655 585 2719 iit
598 2657 737 2735 quoniam
752 2658 889 2721 educatio
902 2658 933 2721 iu
948 2665 1063 2721 tautum
1080 2659 1150 2721 liliis
1164 2658 1262 2723 debita
1342 2632 1402 2757 s

89 2763 140 2819 est
159 2772 176 2839 a
198 2757 377 2833 parentibus,
399 2754 429 2816 in
450 2760 594 2832 quantum
615 2752 683 2816 illos
704 2762 882 2832 genuerunt3
905 2756 985 2832 binc,
1000 2773 1179 2836 quamquam
1195 2758 1265 2820 riuis
1314 2818 1320 2831 s

93 2855 206 2934 patriae
227 2854 380 2931 potestatis
401 2852 442 2914 sit
463 2851 589 2915 tiliorum
611 2852 758 2927 educatio,
774 2861 872 2917 tamen
887 2870 977 2917 causa
992 2862 1022 2917 et
1040 2855 1263 2918 fundamentum

92 2953 123 3015 in
142 2953 329 3032 generatione
349 2951 414 3028 ipsa
435 2951 571 3014 consistit
586 2947 638 3030 (l).
659 2947 736 3014 Hinc
757 2951 855 3015 elucet
876 2952 1003 3016 delirare
1018 2953 1047 3015 in
1062 2953 1166 3031 primis
1181 2951 1267 3038 Hub-

91 3049 219 3123 besium,
240 3049 291 3127 qui
312 3063 375 3112 eam
397 3048 560 3128 repetitor
580 3047 644 3111 iure
665 3048 805 3112 victoriae
820 3046 871 3128 (i),
892 3058 1039 3129 quamuus
1058 3051 1154 3123 inians
1176 3067 1192 3113 a
1217 3066 1267 3130 pa·

92 3149 226 3212 rentibus
247 3147 375 3224 primurn
400 3154 571 3225 occupatur.
593 3142 677 3220 Qubrl
699 3148 725 3208 si
746 3146 788 3209 ita
810 3154 898 3221 esset,
919 3148 1064 3211 obstetrix
1093 3147 1266 3227 plerumque

93 3248 172 3309 banc
193 3245 320 3323 patriam
341 3249 514 3322 potestatem
529 3241 688 3320 acciperet,
702 3243 849 3323 siquidem
872 3244 937 3322 ipsa
959 3251 1004 3307 est
1024 3261 1100 3323 quae
1119 3245 1204 3324 prius
1218 3260 1268 3308 ce·

93 3344 166 3406 teris
187 3344 326 3406 infantem
341 3348 474 3420 occupat.
490 3339 615 3404 Fallitur
629 3342 749 3419 iusuper
770 3339 996 3416 Puiieudorlius,
1017 3343 1067 3421 qui
1090 3349 1265 3420 potestatem
1283 3327 1310 3420 ,ἶ

94 3441 175 3504 illarn
198 3441 317 3504 deducit
336 3455 373 3502 err
398 3439 496 3503 debito
523 3439 697 3503 socialitatis
718 3446 749 3503 et
769 3439 861 3503 tacito
889 3439 1015 3503 tiliorum
1045 3455 1187 3504 consensu
1209 3437 1266 3520 (3).

94 3537 264 3602 Gouseusos
278 3537 355 3600 euim
369 3536 514 3600 eiusmodi
529 3536 574 3599 vel
589 3536 663 3599 liber
677 3545 754 3600 esset
769 3537 815 3620 vel
830 3538 1024 3600 necessarius.
1040 3535 1187 3601 Neutrum
1206 3537 1264 3601 dici

94 3643 202 3716 potest.
224 3633 289 3699 Non
311 3635 449 3713 primunt,
469 3635 538 3713 quia
560 3651 577 3698 a
599 3641 701 3698 neutra
724 3643 817 3713 parte,
830 3635 946 3698 etiamsi
961 3635 1052 3698 simul
1073 3634 1268 3708 consentiant,

93 3733 251 3797 retractari
273 3740 376 3811 potest.
395 3729 460 3795 Non
481 3731 616 3806 alterum,
630 3733 700 3811 quia
714 3733 765 3812 qui
781 3733 945 3797 necessario
961 3733 1123 3796 consentire
1140 3740 1266 3807 tenetur,
1307 3761 1310 3765 ·

92 3831 252 3910 abaliquo
274 3829 458 3909 praecedenti
479 3829 542 3908 lego
570 3830 779 3910 adstringitur3
803 3847 879 3909 quae
899 3845 1075 3894 consensum
1096 3830 1266 3910 antevertit,

140 4021 177 4089 (lai
193 4026 234 4075 Ad
246 4039 300 4074 rem
309 4025 426 4074 Grotius:
439 4042 453 4070 «
461 4025 631 4074 &oneratione
644 4025 792 4088 parentibus
803 4025 844 4075 ius
855 4027 997 4090 aequiritur
1007 4027 1032 4075 iu
1045 4026 1150 4087 liberos;
1165 4027 1269 4090 utrique

91 4109 198 4170 inquam
215 4113 357 4170 parentum,
372 4105 438 4170 patri
455 4119 486 4154 eo
502 4105 588 4165 metri;
606 4104 659 4164 sud,
675 4105 697 4154 si
713 4104 869 4154 contendant
880 4106 946 4175 inter
957 4121 985 4155 se
995 4105 1111 4170 imperia,
1122 4107 1270 4170 praefertur·

92 4188 174 4255 patris
190 4188 323 4253 imperium
341 4189 373 4238 ob
389 4201 464 4237 sexus
481 4187 671 4250 praestantiam.
683 4203 697 4230 »
714 4187 753 4235 De
768 4187 832 4235 inre
848 4187 911 4236 betti
927 4195 951 4236 ct
962 4187 1050 4252 pacis,
1067 4187 1083 4238 l.
1099 4187 1124 4247 2,
1141 4202 1163 4238 c.
1179 4188 1203 4238 5.

144 4269 180 4332 (2)
196 4269 236 4318 De
257 4269 327 4322 Cice,
345 4281 365 4317 e.
382 4266 405 4317 9.

145 4347 181 4413 (3)
197 4349 236 4397 De
253 4349 347 4413 officiis
364 4349 433 4397 bont.
450 4357 475 4397 et
491 4347 563 4397 civis.
