3159 4934
320 395 404 438 CAPUT
421 395 447 438 ll.
466 398 502 440 DE
518 399 710 443 nutarmnmtts
728 401 865 445 romonum
886 404 913 445 tn
932 404 1017 447 STATU
1036 405 1112 447 BELLI
1247 393 1304 451 355

124 510 346 574 restituendam.
367 508 431 582 Qua
459 509 489 573 in
517 528 549 573 re
577 513 724 590 sapienter
745 511 775 576 S.
791 514 996 593 Augustinus:
1022 512 1172 593 «Pacem,
1193 516 1300 595 inquit,

122 608 236 671 babere
251 607 337 669 debet
352 606 498 681 voluutas,
509 606 619 671 belluna
633 612 806 685 necessitas
825 620 857 673 ut
872 612 976 675 liberet
988 610 1068 675 Deus
1083 628 1099 674 a
1115 615 1301 689 necessitate,

119 714 155 769 et
168 713 320 770 conservet
336 706 365 767 iu
380 721 461 782 pace.
477 703 542 769 Nou
563 708 640 769 enim
661 724 720 787 pax
734 710 896 789 quaeritur,
913 719 946 772 ut
964 710 1074 773 bellum
1097 719 1233 789 geratur;
1248 714 1302 776 sed

119 802 234 866 bellum
248 803 370 882 geritur,
386 810 419 864 ut
433 817 491 880 pan
505 805 687 882 acquiratur.
703 803 777 868 Esto
792 821 864 885 ergo
879 807 969 869 etiam
991 806 1126 871 bellando
1141 809 1300 887 pacificus;

121 906 160 961 ut
174 892 320 978 eosquos
334 914 497 977 expugnas,
512 899 550 961 ad
567 900 650 978 pacis
671 901 814 965 unitatem
837 904 978 967 vincendo
1000 905 1144 982 perducas
1161 904 1245 985 (1).»
1261 905 1301 971 Et

123 992 250 1071 Tullius,
264 1012 444 1075 quamquam
458 998 606 1077 ethnicus,
622 998 736 1061 aiebat:
751 997 828 1063 «Sic
843 1001 955 1064 bellum
970 1004 1160 1081 suscipiatur,
1177 1010 1209 1066 ut
1223 1004 1299 1069 nihil

120 1092 207 1156 aliud
227 1109 316 1171 qnam
339 1109 397 1171 pax
416 1095 551 1173 quaesita
574 1096 720 1159 rideatur.
737 1118 755 1153 »

167 1188 273 1265 Quinta
295 1192 423 1255 conditio
443 1202 488 1255 est
512 1191 638 1272 publiea
658 1191 870 1268 mutaticom·
895 1195 946 1275 qui
977 1198 1054 1261 enim
1084 1214 1121 1262 ex
1148 1198 1297 1278 inopinato

123 1297 242 1367 gentem
264 1288 392 1368 aliquam
414 1290 640 1368 aggrediuntur,
660 1292 776 1355 nonnisi
791 1293 920 1357 latrones
935 1310 970 1357 ac
993 1296 1155 1373 praedones
1169 1297 1297 1360 habendi

119 1393 218 1449 erunt.
240 1383 335 1460 Quod,
357 1393 389 1449 nt
410 1393 503 1464 patet,
525 1388 561 1451 de
583 1388 660 1453 bello
681 1390 822 1453 odensivo
843 1390 966 1471 intelligi
987 1392 1088 1473 debet3
1104 1394 1134 1455 in
1152 1394 1299 1459 delensiro

118 1483 201 1546 euim
216 1482 272 1545 etsi
285 1482 444 1546 laudabilis
458 1484 498 1545 sit
512 1484 778 1551 indictioetnalde
794 1476 969 1565 opportuna,
983 1500 1111 1573 propter
1120 1490 1298 1571 dignitatem

122 1580 268 1659 principis
281 1590 312 1643 et
326 1580 510 1644 subditorum
523 1598 672 1658 normam;
684 1592 782 1648 tamen
793 1586 959 1649 necessaria
974 1587 1090 1650 omniuo
1101 1603 1156 1650 nou
1167 1594 1299 1661 osteum

121 1685 231 1741 natura
251 1694 305 1740 sua
333 1680 534 1742 subaudiatur.
556 1678 659 1752 Quoad
687 1682 808 1744 modum
829 1692 928 1745 autem
956 1684 1193 1759 denuntiationis,
1215 1692 1298 1749 stan·

121 1775 196 1838 dum
217 1785 260 1839 est
283 1778 415 1841 moribus
436 1778 578 1856 gentium,
599 1793 666 1841 cum
691 1780 765 1843 nibil
779 1781 836 1843 bac
850 1781 880 1843 in
902 1798 939 1845 re·
954 1789 1058 1844 natura
1085 1781 1297 1845 determinant.

164 1873 298 1953 Denique
319 1884 465 1952 postrema
480 1875 610 1938 conditio
624 1883 680 1951 est,
695 1885 727 1940 ut
744 1876 854 1941 modus
864 1877 998 1958 parendi
1010 1878 1123 1943 bellom
1137 1879 1182 1943 sit
1194 1878 1295 1960 legiti-

119 1992 204 2049 mus,
221 1982 284 2035 tum
298 1974 395 2051 quoad
408 1989 501 2046 arma,
517 1982 578 2035 tum
598 1975 695 2052 quoad
710 1976 950 2039 circumstantias
971 1984 1001 2039 et
1015 1986 1112 2041 cetera
1126 1977 1194 2041 belli
1211 1994 1299 2059 prae·

118 2072 215 2145 sidla;
235 2087 362 2149 quorum
387 2056 470 2158 nibil*
481 2087 597 2133 morum
625 2074 773 2136 honestati
790 2060 845 2137 ὀῖ
860 2074 961 2137 usibus
990 2075 1137 2137 cultarum
1165 2076 1295 2155 gentium

121 2185 291 2247 repugnans
311 2184 375 2231 esse
395 2169 482 2232 debet
497 2166 548 2249 (2).
632 2161 692 2183 ν

163 2264 213 2331 ab.
235 2264 309 2349 Quid
332 2264 370 2333 dc
392 2265 474 2333 betto
497 2284 552 2352 pto
575 2265 734 2353 religione.
756 2267 864 2341 Quaeri
892 2270 981 2333 etiam
1002 2270 1051 2333 hic
1074 2278 1172 2349 potest
1201 2288 1238 2333 an
1258 2270 1296 2333 li-

120 2368 216 2431 citum
238 2367 276 2429 sit
296 2365 406 2429 bellum
427 2381 482 2444 pro
504 2366 644 2445 religione
664 2356 845 2445 susceptum.
868 2364 923 2430 Cui
951 2368 1116 2445 quaestioni
1141 2368 1229 2431 breve
1250 2384 1297 2431 re·

122 2480 265 2542 sponsum
288 2463 426 2541 suppetit.
441 2462 558 2525 Etenim
573 2464 598 2525 si
619 2462 731 2527 bellum
746 2464 908 2543 suscipitur
926 2480 977 2542 pro
992 2463 1131 2543 religione
1146 2465 1294 2528 dilatanda

120 2570 154 2624 et
174 2560 241 2623 aliis
263 2575 315 2638 per
336 2559 395 2621 vim
416 2560 600 2637 imponenda,
622 2561 766 2623 iniustum
787 2571 840 2625 est.
863 2560 978 2641 Religio
1006 2562 1082 2624 enim
1111 2578 1167 2625 non
1188 2564 1290 2641 armis,

122 2660 177 2724 sed
198 2659 333 2723 veritatis
352 2658 419 2722 luce
440 2659 614 2722 diffunditur
635 2668 724 2739 atquc
744 2669 935 2740 propagatur,
949 2677 1002 2723 nec
1023 2667 1135 2723 mentes
1152 2660 1293 2724 violentia

121 2758 234 2830 domat,
255 2756 308 2819 sed
330 2756 517 2833 persuasione
537 2765 567 2818 et
588 2758 711 2820 caritate
730 2759 884 2835 pertrahit.
900 2755 951 2821 Sin
973 2758 1146 2837 intelligitur
1167 2758 1203 2821 de
1225 2758 1295 2822 reli-

122 2854 210 2934 gione
231 2854 337 2916 tuenda
358 2854 397 2915 ab
416 2854 526 2932 iniquis
547 2854 778 2933 aggressoribus,
799 2855 850 2933 qui
871 2856 968 2933 ipsam
989 2857 1018 2919 vi
1041 2856 1207 2933 opprimere
1228 2863 1258 2919 et
1272 2871 1296 2917 a

121 2952 263 3017 cordibus
284 2947 457 3029 populorum
478 2952 600 3029 eripere,
628 2959 679 3013 aut
706 2952 771 3015 eius
799 2952 994 3017 incolumitati
1019 2953 1175 3016 detrahere
1203 2954 1294 3033 impio
1332 2952 1335 2959 '

121 3057 231 3114 conatu
251 3049 398 3122 nituntnr3
419 3048 492 3111 nibil
511 3056 558 3111 est
578 3048 753 3123 evidentius,
767 3065 857 3128 quam
878 3064 994 3111 summa
1015 3050 1129 3112 iustitia
1152 3048 1223 3113 belli
1240 3064 1293 3127 prn

121 3150 181 3211 hac
202 3163 293 3211 causa
314 3148 452 3224 suscepti.
475 3144 507 3209 Si
527 3147 604 3211 enim
625 3146 727 3225 religio
752 3147 915 3209 maximum
939 3153 985 3209 est
1013 3147 1123 3209 bonum
1153 3146 1295 3219 bominis,

120 3253 223 3323 utpote
244 3261 319 3323 quae
341 3260 509 3321 supremam
523 3252 560 3333 et
573 3251 719 3336 aeternam
734 3245 797 3321 eins
817 3244 998 3321 trinitatem,
1006 3230 1144 3325 respicit}
1150 3237 1294 3321 'proiectu

119 3344 284 3406 maximum
306 3344 352 3405 ius
374 3345 483 3407 bomini
497 3352 527 3408 et
541 3345 675 3408 societati
695 3345 783 3407 aliert
798 3344 946 3423 pugnandi
963 3345 1105 3407 adversus
1123 3344 1292 3423 sacrilegos,
1382 3360 1385 3365 ·

117 3444 173 3520 qui
194 3440 275 3503 illam
296 3449 444 3519 utcunque
465 3441 580 3504 iniuriis
594 3442 752 3503 lacessunt.
768 3439 862 3505 Immo
883 3440 921 3503 ad
942 3442 972 3504 id
994 3456 1051 3503 non
1072 3441 1158 3503 modo
1179 3442 1226 3503 ius
1240 3442 1294 3504 sed

119 3537 363 3602 etiamofficium
392 3539 565 3617 quandoque
593 3538 704 3601 bomini
731 3546 761 3601 et
789 3540 924 3603 societati
944 3540 1030 3613 inest,
1052 3554 1088 3602 ex
1115 3538 1294 3617 obligatione

118 3636 321 3718 proficiscens,
341 3652 410 3715 qua,
431 3652 501 3713 prae
522 3637 658 3699 omnibus
679 3638 773 3716 bonis,
787 3636 843 3701 Dei
864 3638 989 3717 gloriam
1011 3645 1041 3699 et
1061 3645 1210 3699 aeternam
1225 3650 1294 3714 pro·

118 3735 266 3798 rimorum
289 3735 415 3797 salutem
437 3750 596 3813 procurare
617 3742 760 3798 tenemur.

168 3928 203 3988 (1)
218 3928 339 3991 Epistola
355 3928 376 3976 I
387 3929 423 3976 ad
438 3928 620 3990 Bonifaea‘um.
811 3992 814 3997 Ι

168 4007 203 4070 (2)
219 4008 246 4057 S.
261 4008 373 4057 Thomas
390 4014 443 4057 tres
459 4008 614 4057 conditiones
630 4008 664 4057 ad
680 4006 736 4056 belli
753 4008 877 4057 iustitiam
893 4002 1029 4072 requisitas
1047 4012 1187 4063 enumerat,
1204 4007 1286 4056 aiens:

120 4088 188 4137 «Ad
208 4088 257 4137 boc
277 4088 343 4150 quod
364 4086 457 4136 bellum
477 4087 578 4150 aliquod
601 4088 634 4136 sit
655 4088 750 4137 iustum
771 4090 823 4141 tria,
842 4088 1014 4151 requiruntur.
1038 4087 1132 4145 Primo,
1150 4086 1290 4135 auctoritas

118 4167 249 4231 principis,
264 4168 336 4215 cuius
352 4167 472 4216 mandato
488 4168 580 4216 bellum
595 4174 636 4216 est
651 4168 817 4231 gerendum...
835 4168 959 4227 Secundo,
971 4182 1051 4217 causa
1068 4167 1144 4225 iusta,
1156 4172 1184 4217 ut
1196 4166 1293 4215 seilicet
1355 4154 1358 4159 ¹

117 4246 162 4306 illi,
178 4248 219 4309 qni
229 4247 419 4309 impugnantur,
432 4254 533 4310 propter
544 4248 657 4310 aliquam
672 4247 774 4311 culpam
785 4248 1001 4311 impugnationem
1015 4233 1293 4296 mereantur...'Terti0.

118 4333 148 4375 ut
164 4327 197 4375 sit
211 4326 318 4375 intentio
333 4326 479 4375 bellantium
491 4332 569 4384 recta,
581 4342 631 4395 qua
642 4326 736 4377 scilieet
746 4327 885 4376 intenditur
896 4327 935 4375 vel
947 4336 974 4377 ut
985 4328 1080 4377 bonurn
1103 4330 1295 4392 promoveatur,

119 4405 162 4456 vel
178 4412 207 4455 ut
221 4405 318 4455 malum
333 4405 436 4459 vitetur,
448 4423 462 4450 »
481 4408 594 4456 Summa
611 4407 648 4455 tle.
664 4406 693 4455 2²
707 4406 747 4454 2²⁰
765 4421 789 4470 q.
806 4406 859 4466 XL,
875 4422 898 4455 n.
915 4408 937 4456 l.
