3159 4934
258 332 313 388 111
578 345 621 386 rus
638 343 764 388 11161111
781 360 791 370 ·
809 342 878 384 rans
896 341 920 384 rt.
939 340 981 384 ms
998 338 1106 382 66611111

301 457 368 538 Sed,
381 474 414 522 oe
425 456 518 520 multa
529 471 699 535 persequar,
710 458 767 519 hoc
781 472 840 520 uuo
855 463 958 519 contra
969 453 1153 519 Hobbesium
1165 463 1232 517 utar
1243 462 1424 534 argumento.

260 556 360 621 Status
374 555 520 619 naturalis
538 554 587 618 ille
608 563 662 633 est,
682 555 735 633 qui
756 570 773 616 a
795 563 899 617 natura
919 554 1109 633 praecipitur,
1124 560 1155 616 et
1168 554 1285 616 innatae
1298 553 1426 617 hominis

260 654 438 718 inclinationi
453 652 615 731 respondet.
631 651 725 730 Atqui
740 651 766 712 is
783 668 838 714 uon
854 651 937 731 bellu,
953 651 1004 716 sed
1028 667 1100 730 pace
1121 653 1296 715 continetur.
1312 649 1425 713 Natura

259 753 337 816 enim
352 751 481 816 ordinem
497 750 610 814 homini
623 750 803 840 servandum
813 750 911 837 iuben
932 750 971 813 ad
989 765 1119 829 eumque
1139 749 1273 824 rationis,
1286 765 1363 828 quae
1376 764 1429 828 po·

261 850 318 913 tior
338 851 367 912 io
388 849 505 912 homine
532 864 600 927 pars
621 856 676 924 est,
701 850 830 911 maxima
852 849 1042 927 propensione
1063 847 1249 912 connitimur.
1271 843 1334 910 Iam
1357 861 1428 910 vero

261 947 372 1010 ordinis
393 947 576 1011 conservatio
602 963 704 1025 pacem
730 947 900 1020 constitnit;
923 946 1067 1025 siquidem
1092 963 1149 1009 uon
1168 946 1288 1010 aliunde
1309 945 1428 1019 bellum,

261 1045 322 1108 sive
342 1045 500 1119 internum,
520 1046 583 1107 sive
603 1052 766 1120 externum,
787 1046 816 1107 in
837 1045 924 1122 nohis
944 1046 1050 1118 oritur,
1069 1044 1128 1107 nisi
1148 1061 1186 1108 er
1206 1061 1240 1108 eo
1261 1044 1341 1123 quod
1364 1059 1429 1122 per-

262 1142 397 1205 turbetur
417 1143 569 1232 116116ῃί6
584 1141 768 1218 relationum,
788 1159 865 1222 quae
886 1144 962 1206 inter
975 1144 1108 1206 diversas
1125 1150 1224 1221 partes
1238 1143 1347 1222 quibus
1361 1157 1431 1205 con·

263 1249 385 1318 stamus,
407 1249 459 1329 aut
479 1240 555 1303 iuter
574 1257 627 1304 nos
649 1248 677 1304 et
699 1241 772 1304 alios
794 1240 928 1304 homines
949 1241 1143 1305 intercedunt.
1167 1239 1266 1304 Ductu
1288 1240 1381 1319 igitur
1401 1250 1432 1300 et

263 1337 387 1415 imperio
407 1345 529 1401 naturae
555 1353 611 1401 nou
641 1338 678 1401 ad
699 1337 820 1412 hellam,
841 1338 894 1401 sed
915 1340 953 1402 ad
973 1354 1076 1417 pacem
1096 1340 1230 1413 ierimur;
1254 1341 1345 1401 immo
1365 1337 1431 1416 ipsa

265 1433 350 1508 hello,
372 1435 397 1498 si
418 1435 534 1513 quando
555 1445 707 1516 geruntur,
730 1438 843 1500 nonnisi
864 1439 947 1516 pacis
969 1437 1131 1516 cupiditate
1152 1445 1301 1516 geruntur.

305 1531 387 1596 Haec
401 1533 437 1596 (16
452 1534 595 1614 principio
608 1535 617 1596 i
621 1549 684 1612 pso,
694 1551 729 1598 ex
744 1551 803 1614 quo
818 1537 965 1615 proiectus
978 1542 1024 1600 est
1039 1533 1174 1599 Hohbes:
1188 1542 1222 1597 ut
1235 1533 1310 1596 nihil
1324 1533 1432 1595 addam

265 1640 329 1694 tum
349 1631 385 1693 de
405 1631 525 1721 interitu
547 1633 585 1696 ad
605 1649 693 1712 quem
715 1632 910 1698 moralitatem
931 1634 1062 1708 adducit,
1076 1648 1141 1695 eam
1164 1631 1293 1694 alihera
1316 1638 1430 1692 tantum

266 1729 399 1806 pactione
420 1729 572 1804 derivaus3
595 1738 657 1792 tum
678 1732 714 1794 de
736 1733 846 1796 nefaria
868 1732 1031 1812 tyrannide,
1053 1733 1109 1794 suh
1129 1747 1189 1809 qua
1206 1732 1354 1793 humanae
1368 1744 1434 1806 per·

266 1843 354 1890 sonae
375 1827 546 1906 dignitatem
568 1828 597 1889 in
618 1829 745 1892 subditis
772 1831 900 1907 perimit.
921 1827 1016 1894 Nemo
1043 1829 1121 1892 enim
1135 1820 1290 1908 'uuquam
1318 1835 1433 1905 praeter

266 1921 459 1998 Hohbesinm,
481 1933 542 1987 tam
562 1928 746 2006 impudenter
767 1929 884 1991 civilem
906 1934 1081 2006 potestatem
1096 1927 1233 1990 adulatus
1249 1933 1305 1999 est,
1321 1926 1429 1991 utrius

267 2028 403 2098 respectu
424 2021 539 2084 civibus
560 2039 616 2086 uon
638 2026 724 2089 modo
744 2025 790 2087 ius
812 2041 896 2088 omne
916 2035 945 2089 et
967 2027 1187 2105 proprietatem,
1212 2041 1314 2088 verum
1344 2027 1429 2087 etiam

268 2122 410 2186 iudicium
431 2122 573 2184 adimeret
593 2124 672 2186 circa
695 2123 854 2187 bonitatem
876 2124 921 2186 vel
942 2124 1085 2186 malitiam
1107 2124 1265 2197 actionum,
1281 2139 1360 2201 quae
1379 2123 1434 2184 im·

270 2229 418 2301 perantur.

309 2317 357 2383 35.
379 2315 618 2384 Psorosrr102⁸.
641 2317 824 2382 Absurdum
844 2321 892 2382 est
911 2322 1050 2401 systema
1072 2315 1267 2382 Rousseaoii.

309 2419 395 2484 Proh.
417 2417 499 2482 Haec
520 2419 652 2481 doctrina
674 2425 735 2481 tam
756 2418 905 2482 evidenter
930 2419 1035 2481 rationi
1063 2425 1216 2496 repugnat,
1246 2425 1278 2480 nt
1306 2414 1436 2480 nonnulli

270 2518 476 2592 existimarint,
489 2533 555 2580 eam
569 2531 625 2580 non
640 2517 678 2579 ad
697 2516 809 2578 iactum
829 2517 1035 2590 enarrandum,
1049 2516 1101 2579 sed
1121 2516 1161 2578 ad
1181 2522 1338 2592 corruptos
1359 2515 1439 2576 illius

271 2617 412 2694 temporis
432 2631 529 2679 mores
554 2615 713 2688 dedendos,
734 2621 884 2694 tamquam
913 2614 1075 2694 elegiacum
1100 2629 1228 2687 carmen,
1253 2615 1291 2676 ab
1319 2621 1439 2677 auctore

271 2713 363 2776 fuisse
384 2712 533 2775 traditam.
547 2709 604 2775 Sed
620 2712 763 2791 quidquid
784 2712 821 2775 de
842 2711 948 2776 blanda
962 2713 1020 2776 hac-
1041 2712 1279 2790 iuterpretatione
1295 2712 1345 2786 sit,
1360 2720 1440 2775 certe

272 2809 382 2882 fabula,
396 2811 431 2872 dc
446 2824 503 2887 qna
518 2810 627 2888 agitur,
643 2817 686 2872 161
700 2817 797 2873 scatet
817 2811 965 2890 absurdis,
986 2817 1020 2872 ut
1040 2808 1135 2872 simile
1155 2807 1268 2888 aliquid
1290 2810 1341 2872 111(
1354 2824 1441 2888 aeger

177 2887 217 3068 fl
274 2908 420 2970 somniare
443 2908 596 2984 potuisset.
618 2905 695 2971 Nam
724 2909 882 2988 homiuem,
902 2909 953 2987 qui
981 2907 1176 2970 essentialiter
1205 2907 1443 2980 rationalisest,

273 3004 385 3070 ratione
406 3004 580 3067 destitutum
602 3013 632 3067 et
653 3005 723 3070 solis
743 3007 962 3084 operationibus
983 3005 1140 3068 sensuimus
1162 2997 1340 3067 instructum
1359 3004 1443 3083 fingit

273 3103 303 3166 in
327 3118 361 3166 eo
387 3109 477 3176 statu,
498 3103 559 3182 qni,
580 3110 681 3181 utpote
705 3103 859 3178 naturalis,
882 3113 1005 3166 naturae
1033 3119 1219 3182 summopere
1246 3103 1441 3182 congruisset
1523 3167 1526 3174 ,

182 3181 228 3298 ts}-
274 3199 395 3275 Deinde,
408 3199 529 3280 homini,
544 3201 588 3263 sic
602 3201 794 3281 intelligentia
809 3211 839 3264 et
854 3219 910 3265 usn
924 3202 1048 3264 rationis
1063 3202 1180 3276 orbato,
1190 3201 1357 3264 libertatem
1373 3215 1443 3263 cou-

274 3300 362 3374 cedit,
375 3315 452 3380 qnae
473 3314 558 3360 usum
579 3298 701 3361 rationis
720 3299 871 3374 subaudit,
892 3315 984 3378 eaque
1004 3306 1116 3363 remota
1138 3315 1174 3362 ue
1195 3298 1308 3376 concipi
1323 3298 1441 3377 quidem

276 3406 380 3478 potest.
396 3395 536 3474 Tandem,
552 3396 708 3460 belluinam
722 3396 804 3460 illam
818 3398 910 3460 vitam
925 3397 1051 3460 hominis
1066 3397 1194 3460 maxime
1215 3398 1365 3476 propriam
1379 3411 1445 3460 esse

218 3468 254 3597 f}-
277 3497 393 3570 statuit3
409 3503 440 3558 et
459 3502 556 3558 tamen
578 3493 748 3558 uniuersum
763 3511 855 3574 genos
868 3494 1029 3557 humanam
1044 3496 1082 3558 ab
1095 3511 1130 3558 ea
1144 3495 1304 3558 recessisse
1317 3494 1444 3557 latetur!

276 3590 340 3657 Hae
361 3593 528 3672 similesque
550 3592 749 3656 absurditates
770 3593 867 3671 ipsam
888 3593 1077 3672 hypothesim
1103 3593 1281 3656 intrinsecus
1300 3591 1444 3672 afficiunt

277 3709 312 3756 ac
334 3694 389 3756 sibi
411 3709 467 3757 uon
488 3701 623 3756 constare
643 3691 861 3765 demonstraut3
884 3700 917 3754 ut
937 3690 1072 3754 omittam
1094 3691 1254 3754 carentiam
1278 3689 1446 3753 absolutam

278 3790 409 3853 cuiusvis
430 3790 620 3865 fundamenti,
641 3805 700 3868 quo
721 3789 823 3852 saltem
843 3789 1012 3851 verisimilis
1028 3789 1174 3851 reddenda
1195 3794 1269 3851 erat.
1291 3786 1447 3851 Eiusmodi

279 3885 369 3963 igitur
390 3889 506 3950 reiectis
528 3888 624 3967 nugis,
645 3887 683 3950 ad
705 3889 860 3949 veritatem
882 3887 1140 3950 constabiliendum
1162 3887 1325 3949 veniamus.

242 3994 293 4111 »ᾗ
320 3979 367 4044 36.
389 3981 563 4049 Pnorosrrro
584 3983 630 4050 3³.
651 3983 755 4049 Homo
775 3984 902 4049 sodalis
922 3987 1109 4047 soleatura
1129 4001 1199 4047 suc.

321 4077 408 4143 Proh.
422 4079 444 4144 l.
459 4099 495 4144 61
509 4085 595 4147 iacto.
611 4081 689 4148 Nam
705 4083 813 4163 ubique
835 4091 978 4145 terrarum
993 4083 1081 4145 homo
1096 4081 1195 4161 aliqua
1214 4082 1364 4157 societate,
1379 4080 1447 4160 plus

281 4177 416 4241 minusve
436 4178 526 4254 culta,
546 4179 592 4244 vel
612 4181 711 4257 etiam,
732 4181 758 4244 si
779 4179 885 4260 placet,
900 4180 1026 4243 barbara
1049 4180 1222 4244 continetur.
1239 4178 1342 4258 Neque
1357 4181 1387 4244 id
1402 4183 1471 4243 re·

282 4283 396 4339 centem
425 4276 514 4338 hahet
541 4277 692 4356 originem,
721 4279 772 4342 sed
801 4293 868 4342 cum
897 4276 970 4356 ipsis
995 4278 1116 4340 humani
1136 4278 1251 4358 generis
1271 4277 1449 4358 primordiis

218 4396 241 4450 ''a''
286 4391 298 4410 '⁴
361 4398 370 4444 ,t
514 4409 534 4446 1ν
788 4413 796 4438 ι
865 4403 925 4445 ζ,
1004 4438 1008 4445 ,
1139 4435 1167 4459 ,ι
1265 4411 1273 4431 i
1417 4415 1545 4453 ..1,

178 4458 183 4469 η
251 4447 294 4492 h&
332 4441 393 4492 iffi*
433 4458 464 4494 ’Ὺ
494 4477 497 4483 ·
582 4461 627 4494 ”.“,,
685 4463 729 4503 hh
789 4480 794 4488 ,
823 4462 836 4475 ”’
904 4479 907 4485 ,
999 4452 1099 4527 'rua
1196 4493 1200 4503 Ι
1274 4457 1277 4462 ”
1327 4427 1364 4498 Τ
1401 4437 1449 4534 a

176 4501 179 4508 Ι
537 4543 540 4557 ,
1023 4500 1031 4516 '¹
1125 4507 1155 4529 θ’,
1191 4512 1199 4532 ᾗ
1246 4497 1293 4542 24⁵1!
1320 4493 1415 4533 fm¹ff
1478 4511 1498 4545 ιι

269 4615 273 4624 t
351 4559 355 4569 ¹
524 4565 545 4592 'c
745 4592 747 4612 t
793 4579 798 4596 ’
833 4570 843 4607 k
886 4585 922 4617 *w
966 4598 973 4617 t
1047 4566 1056 4584 p

245 4619 278 4650 ’Ἰι
330 4658 334 4671 ι
417 4628 505 4679 Ιιιζι,
527 4621 577 4662 ,ιχ
599 4643 621 4660 Ἰ
669 4632 678 4650 'a
744 4621 748 4630 s
