3159 4934
421 337 505 382 33333
523 339 549 382 n.
568 340 603 384 ou
620 339 760 382 sucturum
779 341 856 386 ctvua
1166 331 1217 388 att

45 464 132 520 otum
153 455 274 536 quidem
295 455 485 519 exsistentiae
498 465 612 520 eertum
629 457 766 520 babeant.
782 455 939 530 (13333111,
945 458 1069 537 principi
1089 459 1150 522 vim
1166 474 1222 537 pu·

46 555 169 630 blicam,
185 554 323 616 nimirum
337 553 516 628 exereitum3
528 569 595 617 mox
612 569 681 617 vero
695 554 829 617 eamdem
843 554 951 618 elidere
964 554 1088 618 conatur
1101 557 1220 618 institu-

45 654 127 716 tione
140 651 298 714 nationalis
317 651 448 714 militiae.
464 649 630 741 Proclamat
644 650 811 714 libertatem
829 642 1023 716 conscientiae
1037 661 1066 717 et
1080 654 1217 728 rationis;

45 757 180 812 attamen
192 749 358 812 libertatem
370 749 492 813 docendi
504 759 534 812 et
544 733 971 829 ediolddtb'atospnenttous
983 767 1104 829 prorsus
1114 751 1221 814 adimit

41 855 76 912 et
98 849 166 911 iura
189 848 338 928 religionis
358 848 520 927 proculcat.
542 846 642 911 sancit
663 864 833 938 supremam
850 856 1025 927 potestatem
1046 851 1174 914 residere
1188 851 1217 913 iu

45 945 168 1025 populo,
182 960 306 1024 eamque
323 945 362 1010 ab
377 947 442 1028 ipso
459 947 489 1010 in
503 933 696 1010 electionibus
717 935 831 1009 tantum
852 947 995 1022 exerceri;
1009 946 1098 1010 simul
1117 956 1217 1010 autem

45 1044 190 1106 maiorem
214 1043 313 1121 populi
330 1052 443 1122 partem
464 1061 482 1107 a
502 1045 629 1108 ferendis
649 1045 810 1124 suffragiis,
825 1061 882 1122 qua
897 1043 961 1123 lege
981 1060 1041 1123 qua
1055 1045 1216 1118 fraudibus,

42 1140 190 1203 excludit.
212 1138 450 1218 Mecnamsuum
464 1142 637 1222 1313313311Ι
650 1144 706 1205 boe
727 1141 789 1206 solo
811 1143 869 1204 tine
889 1152 922 1204 ut
942 1142 1007 1205 iura
1025 1143 1216 1236 individualis

43 1246 160 1301 certam
183 1240 350 1301 cautionem
366 1240 528 1318 accipiant3
543 1247 573 1303 et
588 1247 684 1301 mmen
705 1239 818 1301 nullum
832 1247 880 1302 est
900 1241 955 1313 ins,
969 1242 1048 1319 quod
1070 1241 1098 1302 in
1114 1241 1218 1303 discri-

42 1352 114 1399 men
129 1336 237 1400 adduci
252 1353 308 1400 non
323 1338 428 1415 possit,
443 1339 468 1400 si
483 1338 586 1400 maiori
601 1353 733 1410 numero,
748 1337 821 1400 reali
838 1337 885 1400 vel
905 1337 1019 1414 fictitio,
1034 1338 1076 1400 ita
1092 1338 1215 1416 placeat.

42 1432 135 1498 lubet
156 1436 349 1498 reverentiam
371 1434 487 1513 legibus
507 1443 538 1497 et
559 1434 694 1514 publicae
714 1437 879 1498 honestati:
896 1444 1036 1514 utrasque
1055 1445 1215 1515 33133313-

42 1531 310 1610 porum'tieenttae
331 1537 367 1597 'et'
380 1535 579 1611 improborum
598 1529 736 1597 lu'drbri'o'
749 1525 902 1612 permittit.
917 1533 965 1596 Ad
986 1549 1143 1611 summam,
1158 1550 1214 1597 non

40 1631 72 1690 vi
94 1630 234 1709 propriae
255 1637 386 1706 natutae,
408 1633 458 1695 sed
480 1632 628 1706 vitiorum,
647 1649 723 1710 quae
744 1633 977 1711 reprobavimus,
998 1631 1028 1694 in
1057 1632 1213 1710 perniciem

39 1745 100 1792 non
124 1730 252 1792 salutem
274 1730 453 1808 reipublicae
474 1731 606 1794 vertitur.

81 1824 149 1890 Neo
163 1826 287 1890 obiicias
299 1827 465 1906 exemplum
477 1827 610 1906 Angliae,
622 1828 672 1891 ubi
684 1827 758 1890 haec
769 1825 855 1903 mala,
866 1843 942 1906 quae
955 1827 985 1888 in
999 1825 1067 1888 aliis
1077 1824 1214 1905 Europae

40 1924 215 2002 regionibus
236 1925 384 1988 evidenter
405 1935 556 2003 apparent,
578 1927 675 1988 minus
697 1926 907 2005 producuntur.
930 1923 1007 1988 Nam
1033 1925 1213 1989 conditiones

36 2021 123 2084 illius
144 2021 258 2085 insulae
280 2023 415 2086 diversae
437 2031 515 2096 sunt,
529 2030 559 2085 et
572 2024 694 2102 spiritns
714 2024 825 2086 lormae
838 2024 988 2102 regiminis
1010 2024 1095 2087 vaide
1115 2024 1214 2088 differt

36 2122 77 2183 ab
102 2135 151 2193 eo,
171 2135 260 2198 quem
282 2117 380 2184 Locke
401 2129 431 2183 et
451 2118 655 2199 Montesquieu
676 2122 866 2184 somniarunt.
889 2118 952 2193 Qua
979 2119 1010 2182 in
1038 2137 1070 2183 re
1097 2123 1213 2200 egregie

39 2215 147 2280 Sthal:
172 2240 190 2274 s
204 2215 247 2282 La
271 2218 362 2282 teuria
384 2218 460 2297 degli
475 2216 611 2281 Sorittori
633 2219 750 2298 inglesi;
772 2218 918 2282 ancorobd
932 2219 1048 2282 londata
1063 2236 1098 2280 su
1115 2220 1211 2297 quella

38 2316 69 2378 di
91 2314 233 2389 Looke,e
250 2332 307 2379 non
328 2331 413 2379 meno
434 2319 599 2379 meecanioa
619 2317 693 2380 della
716 2319 806 2380 teoria
829 2317 857 2377 di
873 2315 1085 2395 Montesquieu.
1101 2316 1148 2380 Ma
1164 2317 1211 2380 eid

35 2414 67 2474 in
89 2410 270 2490 lugbilterm
292 2413 308 2476 e
329 2414 448 2493 sagione
470 2413 500 2476 di
522 2415 624 2476 minori
641 2413 738 2488 dauni,
754 2412 862 2492 perebd
876 2414 916 2478 ivi
937 2415 947 2475 i
968 2416 1098 2492 rapporti
1121 2414 1211 2478 costi·

36 2510 179 2573 tunionali
200 2526 270 2574 sono
285 2512 323 2573 da
338 2527 389 2588 per
411 2518 489 2574 tutto
503 2518 696 2573 esattamente
710 2512 896 2574 determinati
911 2527 927 2574 e
941 2511 1114 2575 consolidati
1131 2512 1210 2575 dalla

37 2609 163 2670 sturiae
178 2608 254 2670 dalla
270 2609 517 2682 cousuetudine,e
532 2608 559 2671 la
573 2609 694 2672 formae
710 2609 795 2670 modo
809 2608 970 2687 di'parlare
985 2609 1209 2686 polementona,

36 2708 92 2770 ben
118 2705 200 2785 iungi
222 2707 271 2769 dal
299 2708 521 2786 corrispondere
546 2725 563 2769 3
588 2717 692 2785 questo
721 2714 854 2770 coneetto
881 2708 1059 2781 meceanico,
1080 2709 1209 2786 esprime

35 2805 185 2881 piuttosto
206 2800 224 2868 l’
234 2805 298 2867 idea
320 2805 349 2866 di
372 2821 429 2867 nna
451 2803 620 2868 monarchia
645 2820 712 2867 vera
740 2806 776 2868 ed
802 2806 950 2883 organica,
970 2805 1034 2868 anzi
1062 2806 1091 2869 in
1116 2808 1209 2886 grado

37 2901 134 2964 molto
154 2903 305 2980 maggiore
326 2905 380 2966 cbe
401 2919 457 2965 non
478 2904 566 2966 esiste
587 2903 754 2967 realmente.
776 2904 815 2966 Al
837 2905 983 2968 contrario
1003 2908 1033 2967 in
1046 2904 1173 2970 Francia
1192 2923 1209 2970 e

33 3000 64 3060 in
87 2997 261 3074 Germania,
282 3001 358 3063 dove
379 3003 404 3064 si
424 3000 440 3064 3
461 3017 567 3064 333333
589 3000 635 3063 331
656 3011 748 3080 punto
774 3002 804 3065 di
833 3003 1026 3067 determinare
1047 3006 1057 3065 i
1079 3006 1210 3084 rapporti

34 3097 264 3177 costituzionali,
285 3113 342 3161 non
363 3100 387 3159 si
410 3100 447 3162 ha
470 3099 609 3178 riguardo
629 3100 684 3163 obe
704 3099 762 3162 alla
785 3115 857 3178 pura
876 3101 1005 3164 dottrina
1019 3101 1070 3183 (l).
1088 3124 1107 3159 »

501 3376 670 3440 Anneuuus
693 3374 745 3440 IX.

214 3505 332 3586 Quibus
352 3507 451 3571 modis
472 3525 595 3571 summo
615 3513 755 3589 potestus
778 3514 1024 3578 transmittatur.

75 3679 125 3744 74.
148 3681 273 3770 Triplex
288 3684 404 3752 modus
419 3683 600 3772 acquirendi
620 3686 789 3773 imperium.
809 3687 929 3753 Summa
952 3700 1083 3770 potestas
1097 3709 1132 3755 en
1149 3711 1205 3758 uno

31 3782 168 3846 subiecto
188 3784 218 3845 in
233 3784 312 3846 aliud
329 3786 480 3848 transferri
495 3795 599 3864 potest,
622 3798 672 3850 aut
694 3788 893 3864 haereditate,
909 3798 960 3851 aut
979 3789 1130 3868 electione,
1152 3800 1205 3853 aut

29 3880 101 3942 iore
122 3880 277 3944 victoriae,
300 3879 343 3946 De
365 3883 490 3962 singulis
513 3901 615 3962 pauca.

68 3975 121 4039 75.
144 3975 313 4046 8113333313
336 3996 393 4064 per
414 3978 648 4049 haereditatem.
671 3983 720 4047 lus
735 3986 965 4048 haereditarium
981 3988 1118 4059 nabetur,
1134 4004 1201 4050 cum

30 4090 154 4156 regnum
177 4078 218 4138 itu
242 4079 435 4141 constitutum
464 4087 519 4158 est,
544 4089 578 4142 ut
606 4097 756 4159 personae,
777 4084 886 4160 quibus
914 4100 1051 4160 suprema
1073 4094 1205 4163 potestas

76 4289 113 4351 (1)
132 4291 223 4341 Storc’ot
240 4293 310 4342 della
329 4294 380 4342 Fit.
397 4295 441 4343 dat
456 4295 559 4346 diriore.
577 4294 591 4342 l.
609 4293 631 4352 l,
648 4309 698 4342 sea.
714 4293 735 4342 2.
