3159 4934
436 322 519 365 33333
538 324 554 365 1.
570 324 604 365 nn
622 324 685 366 runa
703 323 736 365 ur
754 324 853 367 oraturo
871 327 1025 368 3333333333
1269 318 1321 374 lli

144 436 314 516 adstringit.
328 435 413 501 Certe
426 453 483 500 uou
497 438 594 501 omnia
609 439 736 502 filiorum
750 441 857 516 officia,
870 458 946 521 3333
959 442 1017 505 1331
1032 450 1187 521 pareutum
1201 460 1324 524 respon-

146 538 229 611 dent,
242 536 378 615 negativa
400 540 515 599 tantum
529 537 705 617 obligatione
719 547 864 602 coustant.
879 537 959 602 Idem
980 541 1028 605 dic
1043 542 1079 605 de
1093 542 1199 606 officiis
1219 542 1321 607 subdi·

147 643 248 698 torum
268 650 336 712 erga
359 634 520 712 prinoipem
542 641 593 698 aut
613 637 790 700 famulorum
811 654 880 717 erga
901 638 1060 716 domiuum,
1082 646 1112 731 33
1132 641 1289 722 313333333.

190 731 219 795 7.
236 729 285 799 133
298 729 365 799 3133
382 730 443 798 1133
460 730 581 818 3333131
595 730 710 819 nequit.
727 733 802 798 Cum
825 738 873 799 ius
893 738 922 798 in
943 738 1027 801 uobis
1046 756 1065 802 a
1086 738 1151 818 lege
1171 740 1320 820 gignatur,

146 832 200 895 lex
214 840 310 894 autem
327 832 387 894 siue
402 831 571 910 legislatore
592 833 705 921 concipi
723 842 862 912 oequeut;
883 836 992 913 oppido
1014 835 1116 911 claret,
1135 837 1321 900 1333333333

150 930 217 992 3133
229 929 343 993 notione
356 929 520 992 divinitatis
533 930 692 993 subsistere
706 946 763 994 nou
779 946 872 1009 posse.
884 928 968 1005 Quod
982 933 1172 996 observatum
1184 934 1321 998 volumus

148 1032 253 1089 contra
273 1041 333 1099 333,
346 1027 398 1106 331
418 1026 448 1089 13
469 1027 532 1090 1333
553 1028 681 1091 33333311
696 1030 848 1092 tractando
870 1027 967 1095 31133
987 1032 1192 1110 cogitationem
1208 1033 1322 1096 abstra-

150 1122 336 1201 1333333313
359 1124 420 1189 3313
441 1126 568 1188 hominis
592 1133 698 1189 natura
724 1135 883 1189 morantur.
907 1126 950 1190 At
970 1139 1075 1191 natura
1097 1130 1319 1209 propensionem

148 1220 269 1299 quidem
297 1222 443 1300 explicare
470 1230 575 1301 potest,
601 1223 811 1302 obligationem
845 1240 914 1288 uero
949 1242 1142 1306 nequaquam.
1170 1225 1322 1308 Obligatio

148 1319 231 1381 enim
251 1319 482 1384 iurisdictionem
504 1323 533 1383 in
554 1320 702 1399 obligante
722 1323 873 1397 subaudit,
887 1330 916 1385 et
937 1333 1145 1403 consequenter
1166 1326 1256 1388 huius
1276 1328 1322 1389 di-

145 1418 337 1482 stiuctionem
362 1435 379 1482 a
409 1420 536 1483 subdito.
558 1418 672 1483 Natura
702 1430 801 1485 autem
830 1422 958 1485 bominis
990 1436 1047 1485 nou
1071 1422 1264 1503 distinguitur
1284 1426 1324 1487 ab

147 1518 280 1590 bomine,
303 1517 453 1596 multoque
474 1518 571 1581 miuus
592 1526 639 1581 est
659 1518 724 1597 ipso
745 1520 886 1597 superior.

193 1612 222 1679 8.
238 1612 374 1682 Definitio
390 1612 473 1681 iuris.
490 1612 547 1679 His
561 1616 656 1679 obiter
669 1615 835 1696 explicatis,
849 1618 896 1679 ius
911 1617 1040 1680 describi
1054 1625 1166 1695 potest:
1183 1616 1323 1681 Marciis

149 1710 292 1791 facultas
306 1711 349 1775 ad
362 1710 483 1793 31133331
495 1710 676 1793 facientium
695 1714 744 1776 oet
757 1713 952 1794 exigendum,
968 1712 1157 1777 inmutabilis
1172 1713 1223 1794 (t).
1239 1713 1323 1790 Quae

149 1810 284 1873 definitio
297 1810 438 1873 elementa
457 1810 554 1873 omnia
576 1810 793 1889 complectitur,
814 1828 889 1890 quae
910 1812 947 1874 ad
969 1814 1043 1876 iuris
1062 1813 1211 1877 notionem
1233 1814 1326 1891 perti·

147 1922 222 1971 nere
248 1907 386 1971 diximus.
408 1905 485 1971 Nam
514 1924 581 1972 cum
607 1910 716 1971 dicitur
743 1908 873 1971 moralis
894 1908 1048 1987 facultas,
1069 1911 1233 1973 secernitur
1254 1926 1271 1972 3
1291 1911 1322 1972 31

149 2005 333 2084 3133313333
353 2014 517 2084 respectum
533 2008 681 2069 13331333
697 2024 878 2087 personam,
893 2023 969 2085 3333
983 2006 1047 2069 3313
1068 2008 1142 2070 13313
1157 2008 1322 2070 subiectum

149 2118 220 2165 esse
234 2109 337 2182 potest.
352 2100 426 2176 ilum
441 2104 561 2165 additur
574 2102 618 2168 ed
631 2102 752 2185 atc‘quid
770 2102 951 2182 faciendum
965 2104 1014 2168 uei
1027 2104 1211 2186 cec'gcudum
1225 2105 1324 2183 expri-

149 2201 244 2262 mitur
262 2200 370 2277 duplex
391 2207 540 2279 aspectus,
564 2218 652 2281 quem
683 2202 730 2263 ius
755 2202 889 2275 includit,
910 2211 1057 2281 quatenus
1086 2203 1132 2266 331
1159 2204 1239 2266 31333
1260 2218 1322 2265 rem

150 2304 284 2360 nostram
300 2299 347 2361 vel
367 2300 446 2363 circa
467 2315 529 2362 rem
551 2300 636 2365 uobis
657 2301 785 2364 debitam
802 2310 946 2364 versatur.
962 2300 1094 2380 Denique
1114 2302 1234 2365 verbum
1249 2299 1323 2362 illud

147 2394 341 2459 inviolabilis
362 2396 480 2461 denotat
501 2399 703 2473 reuerentiam,
719 2399 893 2462 servandam
916 2400 953 2461 ab
974 2397 1051 2472 aliis,
1066 2405 1185 2475 propter
1199 2397 1322 2459 tutelam

146 2510 241 2573 quam
256 2494 314 2557 iuri
327 2495 374 2579 lex
389 2496 571 2574 impartitum
585 2497 628 2559 133
650 2503 682 2559 33
697 2496 800 2560 3131331
815 2497 862 2558 133
875 2504 1009 2575 nequeat,
1023 2496 1092 2574 quin
1113 2495 1237 2558 violetur
1251 2494 1324 2557 ordo

150 2592 276 2656 rationis
296 2609 331 2656 uc
351 2592 443 2657 divini
462 2594 638 2671 legislatoris
658 2595 820 2657 auctoritas
836 2592 887 2673 (2).

192 2682 221 2753 9.
242 2687 446 2757 1333313333
467 2688 559 2757 etiam
581 2689 620 2757 ad
644 2687 718 2756 atie.
738 2690 789 2755 133
810 2707 827 2753 3
849 2690 1061 2769 significatione
1087 2688 1138 2751 illa
1159 2688 1322 2752 subiectiva

149 2788 305 2852 facultatis
326 2788 446 2853 moralis
468 2790 618 2852 transferri
644 2789 718 2852 solet
738 2789 776 2851 33
798 2789 985 2861 obiectivam,
1005 2795 1150 2866 33333333
1175 2787 1322 2850 obiectum

151 2886 283 2960 denotet,
304 2886 383 2949 circa
404 2886 481 2965 quod
502 2886 628 2950 facultas
656 2886 707 2949 illa
728 2894 873 2949 33333333.
900 2884 949 2950 Sic
971 2886 1098 2948 dicimus
1119 2886 1157 2947 33
1178 2885 1323 2947 iustitiam
1369 2964 1372 2970 ‚

148 2986 300 3063 pertinere
322 2992 355 3047 ut
375 2984 484 3063 cuique
509 2984 599 3049 detur
618 3001 710 3047 suum
730 2982 791 3059 ius,
812 2984 951 3047 nimirum
975 2983 1005 3045 13
1026 2984 1105 3061 quod
1125 2982 1184 3060 ipsi
1208 2990 1253 3044 est
1274 2982 1325 3044 de·

199 3228 236 3290 (1)
253 3228 324 3276 Kant
338 3228 378 3277 ius
389 3242 436 3291 pro
453 3227 572 3277 facultate
583 3234 723 3293 acceptum,
736 3228 825 3277 debuit
832 3236 990 3290 potestatem
1006 3226 1133 3276 eliciendi
1143 3241 1186 3275 cac
1196 3226 1322 3276 actiones,

148 3322 277 3371 quarum
293 3308 462 3360 ccccv-citium,
475 3310 600 3371 quamuis
612 3308 776 3367 universate,
786 3308 1004 3356 coexsistentiam
1015 3307 1146 3360 aliorum,
1154 3314 1239 3368 prout
1248 3304 1322 3353 entia

155 3386 242 3435 libera
257 3395 331 3440 33333,
342 3401 399 3435 non
416 3387 534 3449 impedit.
546 3385 642 3437 Verum
652 3388 716 3437 haec
726 3387 839 3437 3311331313
851 3388 897 3446 331,
908 3387 940 3437 33
951 3401 1002 3450 333
1011 3387 1107 3448 agitur,
1118 3391 1262 3450 opportuna
1271 3398 1324 3432 uon

155 3464 265 3527 31333333
278 3466 373 3515 multae
384 3466 451 3515 enim
463 3467 576 3515 actiones
594 3482 650 3516 3333
663 3472 779 3531 possunt,
790 3481 856 3531 quae
867 3466 1012 3515 libertatem
1021 3465 1129 3514 aliorum
1140 3479 1191 3513 uon
1202 3464 1323 3520 adimant,

155 3557 207 3594 net
221 3551 303 3595 tamen
314 3546 407 3596 1331333
424 3546 464 3596 133
481 3547 599 3606 31133333,
616 3547 727 3611 3313313
743 3553 803 3597 3333
818 3561 865 3611 par
880 3560 909 3596 se
925 3553 1021 3609 turpes,
1038 3544 1149 3609 3313313
1164 3543 1219 3607 lege
1231 3542 1325 3597 diviua,

154 3626 217 3675 licet
232 3627 346 3689 positiva,
361 3628 533 3691 prohibentur.
548 3626 620 3677 Haec
638 3627 725 3677 Kantii
742 3627 831 3689 opinio
842 3626 875 3676 ad
886 3627 935 3675 hoo
947 3626 1034 3683 tendit,
1050 3631 1078 3673 ut
1088 3624 1128 3673 ius
1144 3627 1292 3672 secernatur
1308 3636 1325 3669 a

152 3704 253 3757 morati.
271 3706 340 3763 Quae
356 3708 491 3771 separatio,
507 3712 535 3756 ut
552 3707 611 3756 alibi
627 3706 743 3767 vidimus,
753 3706 867 3757 absurda
883 3712 933 3764 est3
951 3706 990 3753 ius
1006 3704 1072 3754 enim
1090 3719 1106 3753 3
1121 3704 1221 3754 3331333
1233 3715 1324 3763 proce·

151 3786 218 3837 dete
233 3785 317 3847 debet3
340 3788 406 3836 ratio
422 3792 509 3835 autem
527 3787 614 3851 nequit
634 3786 734 3836 sibimet
755 3786 811 3849 ipsa
831 3784 1005 3835 contradicere
1026 3784 1161 3833 tribuendo
1176 3781 1324 3831 facultatem

150 3866 225 3915 eirca
240 3880 303 3925 rem,
320 3880 396 3930 quam
412 3870 441 3914 ut
454 3865 616 3915 inhonestam
632 3866 756 3929 prohibet.

202 3943 237 4007 (2)
253 3946 323 3995 Haec
331 3946 555 3995 voxinciotebitia
566 3946 592 3993 iu
604 3944 747 3995 definitione
759 3946 822 3994 iuris
835 3945 917 3995 omitti
933 3943 1067 4005 potuisset,
1078 3955 1136 3989 cum
1147 3940 1325 3991 inviolabilitas

148 4026 274 4090 implicite
291 4026 451 4077 contineatur
466 4024 491 4075 iu
509 4032 634 4089 conceptu
650 4026 763 4074 moretis
779 4024 929 4087 facecitatis.
940 4022 1020 4071 Nobis
1030 4028 1122 4070 'tamen
1134 4020 1252 4073 addenda
1269 4022 1325 4069 3133

146 4112 202 4167 est,
213 4122 263 4155 nou
278 4107 435 4156 necessitatis
453 4105 497 4156 sed
514 4104 616 4154 maioris
632 4105 819 4168 perspicuitatis
835 4102 926 4166 gratia.
939 4102 966 4151 Si
982 4102 1022 4150 cui
1039 4099 1122 4164 placet
1137 4116 1195 4151 eam
1212 4102 1324 4157 demere,

149 4194 217 4238 tunc
233 4189 283 4253 ipsi
299 4189 349 4237 Ius
361 4188 469 4239 dicetur:
482 4186 598 4237 Meroide
613 4188 730 4249 facultas
746 4186 782 4247 ed
798 4184 906 4249 aliquid
920 4182 1090 4246 faciendum,
1102 4184 1143 4233 cci
1158 4183 1325 4247 accipendum

145 4278 184 4318 ut
200 4282 282 4319 auum
298 4278 349 4319 aut
364 4268 417 4319 sibi
431 4267 555 4319 debitum.
