3159 4934
385 340 469 391 exeun
487 346 521 388 ιιι.
536 348 570 390 nn
587 346 695 392 exurens
713 348 821 389 nourrus
837 348 907 391 nnex
925 348 1035 393 smnsuu
1242 335 1293 391 155

128 473 240 521 sumus.
255 458 301 523 Ex
322 476 380 538 quo
401 462 435 523 lit
450 468 482 523 ut
495 462 622 525 naturali
636 462 822 526 inclinatione
840 462 920 526 illam
936 471 1085 543 tantopere
1105 472 1290 543 appetamus.

128 551 185 627 Oui
206 556 299 635 igitur
320 558 377 620 sibi
397 558 597 624 exsistentiam
622 560 723 634 demit,
737 576 876 640 magnum
890 561 947 623 sibi
967 562 1175 625 detrimentum
1190 563 1292 636 ιιιιιις

128 654 198 729 quia
221 670 254 716 se
275 662 335 719 tam
356 660 515 737 praestanti
530 659 637 736 spoliat
657 662 740 722 bono.
754 657 894 723 Amorem
908 661 999 738 igitur
1020 660 1108 723 laedit
1129 660 1187 722 sibi
1208 660 1294 723 debi-

128 759 202 815 tum.
219 750 282 817 Nec
296 754 375 817 dicat
389 763 492 819 auctor
513 758 682 835 systematis
696 766 818 820 naturae
831 758 861 821 id
876 758 974 833 uitari,
988 762 1104 838 quoties
1117 761 1347 839 exsistentia„⁵
1372 797 1376 804 -

126 866 185 913 non
207 850 334 931 amplius
347 853 481 916 felicitati
494 862 563 933 apta
578 856 627 928 sit,
642 856 693 917 sed
709 854 836 933 undique
850 855 1071 920 calamitatibus
1085 856 1199 921 obruta·
1215 856 1292 921 Nam

127 949 154 1009 si
176 950 314 1013 nobilitas
334 953 462 1015 bominis
483 953 540 1017 rite
561 963 719 1031 spectetur,
739 955 910 1017 exsistentia
931 970 1081 1033 nunquam
1101 955 1208 1019 desinit
1226 972 1292 1019 esso

127 1047 351 1111 tundamentum
372 1064 456 1115 verae
477 1050 633 1125 felicitatis,
653 1067 729 1130 quae
750 1052 779 1113 in
799 1053 981 1116 ordinatione
998 1053 1036 1115 ad
1057 1052 1225 1115 beatitatem
1248 1052 1294 1114 tu·

130 1154 218 1209 turae
232 1148 307 1209 vitae
321 1150 377 1210 sita
398 1157 452 1212 est.
468 1148 544 1213 Mala
559 1151 636 1212 enim
657 1165 861 1229 quaecumque
880 1166 934 1213 nos
955 1150 1118 1223 obsideant,
1132 1166 1292 1230 numquam

129 1244 263 1308 ordinem
283 1247 321 1308 ad
342 1241 436 1310 Deum
457 1248 611 1311 detrahere
633 1255 768 1326 poterunt
781 1257 834 1312 ant
854 1250 929 1311 bona
949 1247 1081 1325 perdere,
1096 1263 1173 1327 quae
1192 1248 1222 1311 in
1237 1248 1296 1311 vir·

129 1348 195 1404 tute
217 1350 286 1405 sunt
306 1344 410 1422 posita.
429 1344 523 1408 lmmo
535 1347 609 1409 baec
623 1346 736 1425 potiora
757 1353 787 1409 et
808 1346 985 1423 speciosiora
1006 1346 1188 1418 efficientem
1204 1347 1296 1425 siqui-

128 1439 198 1501 dem
213 1440 253 1501 nil
268 1440 426 1505 sublimius
440 1443 470 1504 iu
484 1444 585 1506 ordine
601 1443 714 1516 morali,
727 1458 818 1522 quam
832 1444 926 1507 virtus
938 1443 1070 1517 immota,
1083 1442 1152 1506 licet
1166 1443 1295 1521 undique

128 1536 350 1601 calamitatibus
370 1539 450 1603 labet
436 1541 553 1604 iactata
566 1539 635 1628 lpse
655 1538 775 1615 Seneca,
789 1542 926 1620 quamvis
946 1557 1049 1605 carens
1068 1541 1179 1604 lumine
1199 1538 1294 1616 Fidei,

94 1666 102 1674 ·
129 1636 239 1711 aiebat,
260 1635 372 1699 nullum
400 1638 599 1715 spectaculum
625 1647 684 1701 tam
712 1638 779 1702 love
805 1638 936 1718 dignum,
957 1654 1048 1718 quam
1071 1638 1196 1751 iustum
1222 1656 1293 1719 cum

129 1730 266 1795 aduerso
285 1734 422 1809 fortuma
426 1740 638 1815 perpetualem.

173 1824 305 1909 Denique
324 1833 375 1911 qui
396 1833 452 1895 sibi
477 1840 600 1897 mortem
625 1835 818 1907 consciscunt,
842 1834 907 1896 iura
928 1832 1078 1896 societatis
1102 1832 1237 1908 laedunt;
1258 1835 1296 1896 ad

130 1927 220 1992 caius
241 1930 347 1993 bonum
368 1932 499 1994 conterre
514 1930 629 2015 ‘aliquid
650 1932 765 2011 debent,
785 1932 812 1993 si
832 1946 889 1995 non
909 1932 1057 2008 operibus,
1081 1931 1185 1994 saltam
1205 1931 1296 1993 animi

131 2028 296 2091 constantia
317 2035 346 2090 ιι
366 2029 536 2093 tortitudine
555 2045 591 2093 ac
613 2022 711 2092 re'rum
729 2031 919 2092 advorsarum
941 2028 1103 2091 tolerantia.
1124 2027 1218 2093 lmmo
1238 2045 1295 2092 nou

132 2124 229 2189 solum
244 2126 315 2188 lnuic
330 2127 442 2189 muneri
455 2127 572 2201 desunt,
586 2127 636 2191 sed
651 2128 740 2191 etiam
756 2128 951 2205 perniciosum
966 2127 1107 2189 inducunt
1120 2125 1297 2205 exemplum,

131 2224 211 2303 quod
234 2223 324 2286 saluti
337 2224 459 2287 aliorum
474 2225 583 2313 civium
598 2225 811 2289 interminatur.
826 2222 882 2299 Qui
896 2225 974 2288 enim
996 2226 1087 2287 vitam
1108 2240 1163 2303 pro
1177 2240 1209 2288 se
1228 2224 1298 2287 cou-

132 2322 246 2395 temnit,
267 2329 368 2385 eontra
389 2322 510 2386 rationis
532 2324 758 2402 praescriptum,
778 2324 805 2386 is
829 2323 931 2385 eodem
953 2329 1038 2399 pacto
1060 2323 1149 2384 vitam
1170 2322 1294 2385 aliorum

132 2420 219 2497 parvi
238 2419 333 2483 faciet.
354 2417 451 2494 Quare
472 2422 578 2483 mirum
600 2436 656 2483 non
677 2428 731 2494 est,
753 2421 779 2483 si
800 2421 829 2483 iu
849 2436 884 2483 ea
906 2421 1054 2494 societate,
1069 2419 1171 2497 inqua
1191 2419 1299 2483 debac-

132 2517 262 2579 chantur
282 2517 416 2605 suicidia,
437 2517 668 2595 multiplicentur
689 2518 847 2581 homicidia
863 2514 956 2596 (l).·“'

175 2614 222 2680 54.
244 2614 420 2682 Pnorosxrro
446 2614 488 2681 2².
518 2616 655 2681 Velitum
676 2616 739 2698 tepe
760 2621 896 2682 naturae
914 2635 979 2681 ιιιιι
998 2620 1054 2690 est,
1075 2613 1111 2678 ob
1131 2613 1247 2677 iustum
1268 2616 1299 2675 ei

134 2714 323 2781 laudabilem
347 2733 485 2793 ιιιιιιιι,
499 2719 628 2779 mortem
641 2713 789 2779 indirecte
805 2732 985 2794 procurare,
1000 2716 1037 2776 ιι
1050 2730 1157 2791 nempe
1171 2712 1241 2791 puis
1262 2711 1297 2773 ιιι

127 2812 306 2894 periculum
326 2813 590 2891 caecutientem
611 2830 670 2892 ιιι
686 2810 900 2892 probabiliter,
922 2811 971 2875 ιιι
990 2812 1084 2874 elium
1097 2813 1186 2887 certe,
1201 2828 1299 2889 sepe·

133 2909 275 2973 ιιιιιιιι
294 2914 411 2984 noscet.

177 3006 264 3071 Prob.
279 3006 384 3083 Homo,
398 3024 465 3072 cum
481 3009 512 3071 id
524 3008 605 3085 lacit,
619 3024 651 3070 se
665 3023 850 3086 nequaquam
870 3008 1021 3080 interimit,
1035 3007 1085 3069 sed
1101 3013 1214 3068 tantum
1233 3020 1299 3081 per-

135 3107 230 3170 mittit
243 3108 380 3185 interimi,
394 3108 504 3193 intuitu
516 3107 628 3171 altioris
643 3108 724 3181 boni;
740 3108 778 3169 ad
791 3108 871 3186 qnod
891 3107 1106 3184 procurandum
1121 3104 1233 3188 iustitia
1246 3113 1298 3166 aut

134 3207 248 3295 namtas
276 3213 328 3269 aut
354 3204 412 3268 alia
435 3205 529 3269 virtus
550 3204 681 3282 impellit.
703 3204 796 3283 Atqui
820 3205 851 3267 id
874 3205 930 3268 iuri
956 3214 1081 3268 naturae
1104 3217 1161 3265 non
1185 3211 1300 3265 contra-

134 3304 226 3377 dicit,
241 3322 259 3365 a
273 3318 331 3382 quo
344 3304 496 3366 dumtaxat
510 3304 598 3366 bomo
618 3304 800 3381 prohibetur,
814 3318 849 3365 ue
862 3303 1056 3381 sibimetipse
1070 3317 1170 3366 necem
1184 3302 1299 3374 inierat,

136 3416 196 3464 nou
217 3417 285 3464 vero
305 3416 341 3463 ne
362 3416 394 3464 se
413 3408 539 3478 exponat
556 3402 632 3461 vitae
644 3401 818 3475 discrimini,
832 3403 921 3464 etiam
941 3416 1010 3465 cum
1031 3397 1157 3463 nobilius
1170 3400 1300 3461 officium

138 3508 250 3576 urgeat.
271 3497 366 3563 lmmo
389 3515 423 3562 ea
450 3499 527 3561 actio
556 3506 624 3560 tunc
646 3515 782 3577 maguam
811 3507 941 3576 meretur
962 3499 1079 3561 laudem
1099 3503 1129 3561 et
1146 3512 1299 3583 summum

139 3597 264 3685 gradum
277 3596 595 3673 tortitudinisattingit.
611 3592 659 3658 Sic
674 3596 770 3669 miles,
785 3610 965 3674 quamquam
989 3591 1080 3667 solus,
1094 3592 1232 3672 phalangi
1246 3594 1300 3656 bo

137 3693 232 3756 stium
251 3710 284 3757 se
308 3684 495 3756 laudabrlrter
507 3693 637 3769 opponit
650 3700 684 3755 ut
697 3694 760 3755 eius
774 3708 961 3771 progressum
977 3700 1124 3764 moretum
1139 3691 1207 3753 licet
1220 3701 1302 3753 certo

134 3792 216 3855 sciat
229 3808 260 3855 se
277 3792 484 3855 interiectum
476 3792 522 3853 nri.
538 3789 587 3855 Sic
602 3791 761 3869 naufragus
776 3792 882 3864 amico,
897 3806 948 3868 qun
940 3790 1063 3852 eadem
1079 3791 1195 3852 tortuua
1209 3788 1301 3849 iacta·

135 3900 199 3968 tur,
221 3890 350 3953 tabulam
372 3889 460 3961 cedit,
481 3903 570 3965 seque
591 3888 675 3950 undis
695 3888 878 3950 obruendum
893 3886 1046 3965 permittit.
1062 3883 1111 3949 Sic
1125 3893 1208 3962 peste
1221 3885 1304 3947 labo-

134 3989 275 4051 rantibus
295 3988 363 4067 qnis
384 3987 521 4059 deseruit,
542 3986 611 4049 licet
630 3985 708 4047 luem
731 4002 763 4047 se
784 3992 1003 4047 contracturum
1024 3983 1171 4047 coniiciat.

187 4238 222 4298 (l)
239 4236 363 4299 Superior
379 4234 559 4292 demonstratio
578 4234 610 4282 ad
628 4246 680 4280 reru
703 4230 770 4293 quod
786 4231 888 4287 attinet,
903 4231 1036 4293 desumpta
1058 4239 1099 4282 est
1116 4246 1148 4281 ex
1164 4232 1189 4281 S.
1205 4232 1304 4280 Thome

134 4318 254 4369 Summa
268 4316 307 4367 rt.
323 4316 360 4365 2!
374 4315 423 4364 2²⁰
439 4330 463 4379 q.
479 4312 567 4373 XLIV,
582 4330 608 4367 tt.
627 4312 651 4361 5.

146 4453 254 4499 ew*
304 4452 345 4469 ¹·

121 4558 258 4611 qAEV'*
295 4562 351 4595 [ιιι
386 4554 439 4581 ,“·
