3159 4934
294 275 337 332 ·32
819 283 957 326 srnrcl

301 401 510 483 perspicuitate
537 415 572 462 ac
600 399 729 476 plurium
757 397 932 460 relationum
960 396 1068 457 intuitu
1096 395 1252 472 attingitur
1281 407 1298 452 a
1326 390 1471 468 sapiente,

301 517 389 580 quam
405 501 441 562 ab
456 499 572 562 bomine
586 498 660 560 rudi.
676 495 774 570 Quare
789 495 867 559 Deus
880 511 897 556 a
912 509 1028 572 quoque
1043 492 1158 556 ridente
1178 491 1335 570 attingitur
1348 489 1471 568 quidem

303 603 394 674 totos,
416 598 469 660 sed
489 612 545 658 non
569 593 715 658 totaliter.
1024 657 1029 662 ,
1090 661 1095 667 ,
1373 592 1375 603 “

347 693 438 758 otte.
455 692 505 759 VI.
528 691 631 757 Ultimi
653 693 723 754 duis
743 691 900 769 vestigatio
922 691 981 752 iuri
1001 697 1133 762 naturae,
1146 688 1184 750 ad
1199 685 1277 766 quod
1298 685 1385 748 buius
1402 685 1473 747 libri

302 795 456 857 tractactio
481 793 628 870 dirigitur,
652 790 766 853 inutilis
793 797 846 853 est.
872 788 959 863 Nam,
985 796 1018 851 ut
1044 790 1141 868 inquit
1166 785 1394 858 Pudendortius,
1421 787 1475 848 ius

301 902 422 956 naturae
450 892 564 955 nonnisi
590 897 773 968 praesentem
802 889 894 951 vitam
917 895 1042 964 spectat,
1069 895 1098 949 et
1118 902 1172 965 pro
1201 901 1291 963 scopo
1312 900 1367 946 non
1389 883 1472 946 aliud

302 993 401 1067 babet,
425 991 483 1052 nisi
504 989 652 1052 bominem
674 987 789 1051 civilem
812 989 937 1049 efficere.
962 982 1128 1058 Praeterea,
1150 991 1183 1045 ut
1204 984 1312 1045 asserit
1329 979 1475 1057 Voltaire,

303 1105 452 1152 summum
471 1089 579 1152 bouum
601 1093 631 1148 et
652 1101 801 1149 summum
822 1085 934 1146 malum
953 1084 1103 1146 chimaera
1125 1089 1204 1144 sunt.

343 1186 381 1250 R.
396 1182 586 1248 Pulfendoriii
606 1184 729 1246 assertio
742 1183 810 1245 inde
823 1183 929 1255 oritur,
942 1181 1020 1258 quod
1034 1182 1108 1242 iuris
1122 1189 1246 1242 naturae
1259 1187 1289 1242 et
1305 1178 1475 1256 praesentis

305 1285 381 1346 vitae
395 1283 520 1346 indolem
537 1296 592 1343 non
607 1283 662 1344 rite
677 1280 865 1358 perspexerit.
881 1277 958 1340 Nam
973 1279 1020 1341 ius
1035 1278 1107 1357 (sive
1120 1279 1184 1340 eius
1205 1276 1321 1339 nomine
1334 1275 1392 1353 lex,
1407 1276 1476 1338 sive

305 1390 419 1445 rectum
434 1389 485 1442 aut
498 1380 609 1442 iustum
624 1377 816 1456 intelligatur)
833 1395 849 1440 a
865 1378 922 1438 line
939 1376 1044 1438 ultimo
1065 1374 1269 1453 praescindere
1283 1373 1391 1452 nequit.
1407 1370 1474 1436 Lex

305 1479 476 1554 enimcum
496 1477 721 1540 inordinatione
742 1475 893 1548 consistat,
907 1474 1169 1538 considerationem
1191 1488 1317 1535 avocare
1337 1473 1473 1550 nequitu

306 1578 378 1650 fine;
392 1585 421 1638 et
435 1582 548 1637 rectum
571 1574 681 1636 rnorale
695 1588 751 1636 non
772 1573 952 1650 agnoscitur,
967 1572 1024 1634 nisi
1039 1573 1066 1633 vi
1089 1573 1166 1633 finis.
1183 1569 1254 1633 Vita
1272 1578 1372 1633 autem
1388 1586 1476 1646 prae-

306 1688 373 1734 sens
394 1680 438 1734 est
458 1672 638 1744 huiusmodi,
653 1681 686 1734 ut
707 1671 745 1733 ad
765 1673 895 1733 futuram
916 1678 1020 1748 suapte
1034 1669 1063 1731 vi
1078 1671 1236 1732 ordinetur.
1252 1667 1356 1732 Civilis
1371 1676 1475 1731 autem

306 1772 405 1835 cultus
416 1771 479 1832 sine
492 1769 604 1832 iustitia
616 1771 692 1833 inter
706 1771 785 1834 cives
800 1771 901 1832 baberi
913 1786 969 1832 non
985 1777 1090 1846 potest,
1102 1784 1154 1832 uec
1169 1769 1283 1830 iustitia
1296 1768 1359 1830 sine
1371 1767 1476 1830 ordine

307 1868 423 1941 morali;
437 1869 489 1947 qui
505 1877 584 1931 totus
596 1876 782 1946 quantusque
796 1877 842 1930 est
855 1885 873 1930 a
887 1869 945 1929 line
960 1867 1063 1929 ultimo
1077 1876 1209 1929 normam
1224 1865 1341 1942 accipit.

347 1963 483 2028 Scomma
503 1981 573 2028 uero
600 1964 812 2029 Voltairiauum
835 1981 891 2028 una
920 1975 966 2028 est
985 1981 1023 2027 ex
1042 1965 1191 2028 consuetis
1219 1963 1478 2042 sophistaeillius

307 2063 434 2139 ineptiis,
456 2062 602 2125 bominem
630 2065 749 2125 atheum
778 2071 808 2125 et
833 2063 1055 2126 materialistam
1076 2079 1132 2126 non
1159 2063 1313 2136 dedecens,
1335 2063 1386 2140 qui
1412 2079 1475 2126 non

307 2160 423 2222 aliunde
443 2177 531 2238 quam
553 2176 589 2222 ex
603 2161 693 2238 impio
714 2161 776 2222 risu
791 2167 822 2222 et
842 2177 990 2224 sarcasmo
1011 2161 1232 2223 delectationem
1254 2161 1359 2238 carpit.
1375 2160 1417 2222 At
1437 2176 1478 2222 ue

307 2259 503 2324 confutatione
523 2259 641 2336 quidem
662 2258 783 2336 dignum
805 2266 927 2335 apparet
948 2259 1060 2320 bomini
1080 2273 1160 2331 sano,
1178 2259 1229 2335 qui
1251 2243 1487 2334 propensionem

306 2356 522 2420 ineluctabilem
543 2365 573 2418 et
593 2355 755 2418 naturalem
777 2357 815 2417 ad
835 2371 985 2418 summum
1006 2357 1114 2419 bonum
1136 2357 1282 2434 agnoscim
1297 2371 1332 2417 ac
1354 2354 1482 2432 proinde
1572 2351 1574 2374 '

307 2454 444 2534 iutelligit
463 2454 606 2518 eiusmodi
621 2455 730 2516 bunum
747 2453 825 2516 reale
838 2468 903 2516 esse
916 2463 947 2514 et
962 2454 1000 2516 ad
1013 2453 1233 2530 adipiscendum
1257 2452 1406 2531 possibile,
1422 2453 1481 2514 nisi

307 2555 395 2617 homo
417 2561 565 2631 tamquam
586 2567 660 2630 opus
680 2553 786 2614 rationi
808 2551 960 2614 dissonum
979 2553 1050 2630 fingi
1074 2552 1154 2614 uelit.

771 2809 940 2874 Anmcuuus
964 2807 1015 2874 Ill.

328 2957 377 3022 De
391 2957 454 3036 sine
467 2956 600 3040 bominis
609 2957 764 3038 proetmo,
781 2975 838 3020 seu
851 2956 888 3021 de
900 2957 1108 3021 destinatione
1121 2955 1256 3022 bominis
1271 2959 1305 3022 in
1318 2957 1378 3023 bue
1391 2961 1467 3024 nitu.

348 3135 396 3200 23.
411 3133 485 3217 outo
507 3133 570 3202 uita
592 3149 747 3220 praesens
770 3132 877 3220 quoad,
894 3140 1056 3220 aspectum
1082 3133 1244 3202 moralem.
1267 3136 1313 3200 Er
1333 3136 1383 3210 iis,
1400 3153 1481 3225 quae

309 3235 444 3312 superius
465 3233 610 3311 explicata
633 3242 711 3306 sunt,
726 3233 838 3311 liquido
853 3241 935 3310 patet
948 3233 1119 3298 felicitatem
1134 3235 1194 3297 reri
1209 3235 1335 3298 nominis
1347 3237 1376 3296 in
1392 3251 1481 3312 prae-

309 3334 383 3396 senti
394 3334 454 3395 vita
470 3332 589 3396 minime
610 3347 777 3395 concessam
800 3347 878 3407 esse;
895 3346 964 3393 cum
979 3332 1086 3394 bonum
1106 3334 1263 3405 infinitum,
1277 3334 1362 3396 cuius
1377 3349 1484 3398 amore

309 3434 337 3492 in
354 3417 478 3509 singulis
492 3431 720 3508 appetitionibus
741 3429 932 3509 impellimur,
953 3431 1066 3492 nonnul
1088 3433 1234 3508 postlata
1255 3432 1388 3508 corporis
1402 3433 1484 3494 obti-

310 3532 370 3592 neri
400 3530 498 3608 possit.
530 3528 635 3594 Restat
662 3529 752 3608 igitur
773 3535 816 3590 ut
829 3529 897 3616 'uita
919 3543 1067 3606 praesens,
1089 3538 1241 3608 tamquam
1269 3529 1419 3606 palaestra
1449 3540 1484 3594 et

311 3628 399 3690 veluti
421 3627 586 3690 tirocinium
608 3625 776 3688 ad'statum
797 3626 880 3687 illum
904 3634 1066 3703 reputetur.
1088 3622 1153 3688 Nisi
1182 3627 1256 3688 baec
1279 3626 1386 3689 veritas
1407 3642 1483 3704 prae

309 3724 401 3786 oculis
422 3726 579 3797 habeatur,
600 3725 746 3788 necorde
768 3733 900 3804 uraturae,
922 3740 975 3787 nec
996 3725 1141 3800 sapientia
1163 3721 1331 3786 Conditoris
1344 3723 1487 3804 intelligi,

309 3834 361 3882 nec
391 3823 451 3884 vita
479 3837 514 3885 ac
541 3837 638 3884 mores
666 3823 722 3884 rite
749 3822 883 3899 componi
912 3816 1059 3899 poterunt.
1087 3819 1191 3883 Virtus
1220 3824 1299 3884 omni
1326 3829 1488 3886 venustate

309 3917 431 3990 carebit,
452 3934 501 3982 cor
521 3920 649 3982 bominis
677 3934 751 3996 vaga
773 3927 803 3982 et
823 3918 982 3982 insatiabili
999 3917 1161 3995 cupiditate
1183 3919 1378 3998 torquebitur,
1399 3922 1489 3983 exsi-

308 4015 414 4076 stentia
435 4017 501 4093 ipsa
527 4017 669 4080 insomnio
690 4016 845 4080 delirantis
867 4015 1040 4094 phantasiae
1065 4016 1289 4078 assimilabitur.
1311 4015 1405 4080 Immo
1426 4031 1487 4081 nee

308 4112 394 4174 civile
414 4113 593 4180 consortium
616 4125 764 4192 superstes
785 4115 859 4186 erit3
878 4113 930 4176 sed
951 4113 1033 4176 cives
1056 4113 1183 4176 belluino
1205 4129 1285 4178 more
1301 4130 1333 4176 se
1353 4113 1488 4178 inuicem

309 4210 489 4290 lacerabunt,
505 4211 644 4289 ipsaeque
658 4212 762 4275 domus
774 4213 804 4274 iu
818 4211 927 4275 cubilia
943 4212 1035 4273 veluti
1050 4211 1176 4273 ferarum
1190 4217 1409 4274 convertentur.
1426 4209 1489 4275 Mi-
