3159 4934
302 308 356 365 354
457 322 499 363 rus
517 320 642 363 ιιιιιιιιι
658 337 669 347 -
687 320 755 361 runs
772 319 806 363 ιιι.
825 319 868 362 xus
887 319 1115 362 rurnnuxrxouann
1133 320 1182 363 ssu
1200 319 1316 363 onurruu

301 433 490 513 telligendum
510 441 566 505 est,
579 439 724 511 quatenus
745 431 859 511 iuspro
874 447 907 494 ea
927 439 1010 509 parte
1025 431 1141 510 militet,
1155 448 1231 511 quae
1247 430 1356 495 bellum
1373 438 1478 511 movet

301 533 343 611 (id
357 531 434 595 enim
448 545 547 609 perse
562 528 664 609 patet),
678 528 730 592 sed
744 531 833 592 etiarn
853 538 1000 609 quatenus
1019 530 1164 591 iustitiam
1186 530 1296 591 habeat
1318 528 1475 591 relatiuam

301 636 439 707 respectu
461 629 513 702 rei,
527 635 748 707 propterquam
765 634 879 689 tantum
896 627 1026 689 medium
1040 627 1212 691 assumitur.
1229 625 1285 691 Tot
1300 628 1380 691 enirn
1396 626 1476 689 mala

301 736 332 790 et
352 726 536 789 calamitates
550 740 651 788 secum
672 726 728 788 lert
743 725 860 805 bellum,
875 731 908 787 ut
923 726 1028 788 merito
1043 725 1191 805 flagellum
1207 727 1360 788 nationum
1383 726 1476 787 nomi-

301 834 397 888 netur:
410 821 488 887 Hine
509 840 565 887 nou
579 824 700 902 quaevis
713 839 802 886 causa
827 823 956 886 tuendi
948 824 1021 886 ruris
1035 824 1148 887 sufficit
1171 823 1209 885 ad
1230 822 1475 901 belligerandum,

303 923 354 986 sed
365 923 451 998 ratio
454 920 548 1004 debet
554 935 618 982 esse
632 920 807 998 gravissima
819 927 954 997 respectu
969 920 1037 983 boni
1053 922 1219 1013 communis
1221 935 1316 999 q,uae
1330 934 1474 982 excusare

302 1021 395 1097 possit
416 1025 458 1082 tot
480 1000 819 1095 caedeseWtiidllas]
819 1004 1232 1097 quo‘t‘BelluTuw
1054 1034 1116 1081 sive
1135 1034 1186 1095 per
1208 1034 1240 1081 se
1262 1019 1323 1081 sive
1345 1018 1475 1079 militum

301 1117 421 1180 licentia
443 1116 578 1194 parturit
594 1113 670 1179 Tum
692 1118 782 1179 etiam
802 1132 859 1179 non
874 1116 962 1179 dubia
983 1124 1036 1179 aut
1058 1116 1204 1196 probabili
1220 1124 1333 1179 tautum
1350 1115 1477 1187 iustitia,
1509 1108 1516 1131 ⁸

303 1214 355 1277 sed
376 1221 456 1276 certa
478 1213 531 1275 niti
554 1213 655 1286 debet;
678 1229 766 1275 secus
787 1229 844 1275 uun
865 1214 998 1293 gigneret
1019 1214 1066 1277 ius
1087 1221 1211 1287 certum,
1226 1230 1280 1276 nec
1301 1212 1475 1276 facultatem

303 1313 413 1375 iaceret
426 1310 566 1373 inferendi
583 1319 672 1389 atque
687 1310 850 1373 sustinendi
866 1312 943 1373 mala
960 1319 1052 1384 certa,
1066 1328 1141 1390 quae
1157 1311 1265 1373 bellum
1280 1311 1475 1385 comitantur;

303 1422 428 1489 quorum
449 1409 580 1472 omnium
602 1425 669 1471 reus
687 1409 871 1484 eliciturus,
884 1411 935 1488 qui
951 1410 1060 1473 bellum
1079 1418 1188 1487 movet,
1206 1410 1263 1471 nisi
1285 1410 1435 1488 gravitate
1449 1421 1478 1474 et

304 1508 478 1571 certitudine
499 1522 619 1586 causae,
639 1507 730 1569 immo
750 1508 840 1569 etiarn
862 1508 1048 1583 necessitate,
1068 1523 1159 1586 quam
1187 1506 1334 1571 declinare
1356 1510 1475 1571 omnino

302 1612 438 1685 nequeat,
450 1612 614 1667 excusetur.
632 1602 710 1667 Hinc
727 1620 777 1682 per
793 1620 824 1667 se
839 1590 963 1684 quisque
977 1605 1116 1684 iutelligit
1134 1604 1220 1682 bella,
1236 1621 1313 1683 quae
1333 1605 1476 1668 dilatandi

301 1704 418 1781 imperii
440 1704 536 1782 gratia
553 1703 756 1780 suscipiuntur
770 1703 808 1765 ad
829 1712 930 1781 gentes
952 1704 1093 1766 innocuas
1109 1703 1298 1783 subigendas,
1315 1718 1397 1766 mera
1413 1720 1478 1767 esse

302 1801 507 1874 latrocinimct
524 1800 665 1878 utinquit
679 1798 788 1863 Seneca
802 1799 971 1881 gloriosum
981 1799 1098 1877 scelus·
1113 1817 1167 1864 nec
1182 1802 1240 1863 uisi
1254 1818 1378 1880 magnos
1392 1817 1478 1880 prae·

304 1898 394 1960 dones
412 1898 625 1960 existimandus
639 1914 703 1960 esse
716 1914 775 1976 ιιι,
791 1899 842 1977 qui
856 1898 900 1961 sic
915 1900 1008 1976 partis
1025 1898 1156 1962 victoriis
1171 1899 1377 1963 inclarescunt
1392 1898 1472 1962 ldem

303 1995 352 2059 dic
366 1996 403 2057 de
418 1995 543 2057 utilitate
557 1996 661 2072 quavis
677 1996 871 2074 procuranda,
885 2013 960 2075 quae
976 1997 1043 2061 belli
1064 1998 1210 2060 iustitiam
1232 2012 1288 2059 non
1310 1997 1470 2060 constituit.

345 2092 447 2157 Altera
469 2091 596 2155 conditio
617 2103 671 2167 est,
692 2100 726 2156 nt
746 2092 854 2156 bellum
876 2094 914 2155 sit
934 2113 1004 2157 vere
1023 2094 1242 2170 neceesarium,
1259 2095 1299 2157 ιιι
1321 2100 1350 2157 ιι
1369 2094 1473 2156 omnia
1553 2076 1554 2121 ι

306 2192 387 2270 prius
402 2197 514 2254 tentata
535 2190 595 2252 siut
608 2190 645 2252 ad
660 2190 787 2269 litigium
803 2192 926 2269 pacifice
941 2192 1110 2268 finiendum,
1126 2208 1179 2255 neu
1199 2191 1258 2253 ulla
1273 2192 1327 2253 alia
1341 2190 1475 2269 supersit
1553 2204 1554 2225 ι

304 2291 353 2353 via
372 2290 446 2352 iuris
467 2287 571 2401 tuendi
591 2294 642 2352 aut
663 2289 820 2399 repetendi
843 2288 998 2364 Nomius
1020 2290 1146 2353 bellandi
1169 2291 1288 2353 taudem
1317 2289 1474 2368 aliquando

304 2487 394 2550 etiam
415 2487 548 2550 nationes
569 2487 615 2548 ius
635 2487 746 2549 habent
759 2482 991 2563 repellendi'u
930 2454 1311 2565 ιιιιιιιιιιιςιιιιιιιιιιιι
1320 2502 1423 2565 usque
1438 2485 1473 2547 ad
1552 2462 1553 2465 ¹

304 2586 487 2663 aggressuris
505 2600 619 2658 necem,
638 2584 855 2657 siidneoesse
869 2583 964 2647 luerit.
979 2582 1012 2648 In
1034 2586 1091 2647 hoc
1113 2592 1212 2646 tamen
1232 2585 1393 2646 servandas
1412 2598 1472 2645 esse

305 2681 434 2744 diximus
452 2682 543 2761 leges,
564 2698 640 2760 quac
660 2682 769 2745 iustam
792 2681 986 2747 defensionem
1008 2682 1206 2745 moderantur.
1237 2679 1301 2745 Hae
1328 2682 1411 2761 leges
1438 2680 1473 2743 ad

305 2780 436 2842 nationes
456 2784 545 2842 etiam
566 2779 721 2841 translerri
748 2780 871 2853 debent;
893 2795 985 2857 neque
1008 2794 1060 2857 pro
1081 2779 1157 2842 bello
1184 2779 1333 2843 delensivo
1361 2786 1471 2842 tautum

306 2874 414 2949 valent,
429 2878 480 2938 sed
495 2877 584 2941 etiam
599 2891 652 2954 pro
665 2876 817 2941 oileusivo.
833 2874 889 2949 Qui
905 2878 982 2939 enim
997 2876 1108 2941 bellum
1122 2877 1218 2952 insert,
1233 2877 1259 2940 is
1275 2878 1313 2940 ad
1328 2878 1376 2941 ius
1391 2892 1472 2939 suum

306 2974 495 3051 repetendum
510 2975 643 3052 procedit
656 2983 805 3051 armatus;
820 2991 872 3037 nec
887 2991 968 3037 arma
989 2975 1119 3050 adhibet,
1129 2976 1186 3039 nisi
1202 2978 1231 3038 in
1245 2976 1370 3056 eosqui
1385 2976 1473 3037 armis

304 3071 452 3135 obsistunt
471 3073 627 3150 quominus
647 3072 696 3134 ius
711 3089 798 3135 suum
813 3082 1017 3152 consequatur.
1033 3072 1132 3148 Quare
1146 3076 1235 3137 etiam
1258 3080 1323 3136 tum
1338 3076 1386 3137 ius
1402 3073 1475 3137 valet

305 3170 453 3249 legitimae
476 3169 660 3234 defensionis.
727 3200 732 3209 ·

346 3265 444 3331 Tertia
459 3267 587 3330 conditiu
600 3274 657 3341 est,
668 3276 700 3331 ιιι
715 3268 823 3331 bellum
836 3270 1022 3333 auctoritate
1030 3268 1160 3349 publicu
1167 3272 1320 3349 peratum
1336 3270 1476 3333 nimirum

305 3367 389 3429 iussu
404 3377 560 3445 supremae
581 3368 744 3443 potestatis.
759 3366 876 3431 Etenim
891 3376 938 3429 est
952 3377 1037 3431 actus
1051 3367 1176 3442 socialis,
1190 3384 1226 3431 ac
1248 3368 1372 3447 proinde
1386 3368 1426 3431 ab
1445 3382 1476 3429 eo

307 3465 462 3542 procedere
484 3464 579 3538 debet,
608 3462 660 3542 qui
680 3465 829 3527 societatis
849 3471 893 3527 est
914 3458 1276 3544 mutor'selusqresaluai
1306 3472 1337 3528 et
1368 3466 1476 3529 tutelae

306 3562 457 3641 advigilat.
473 3560 589 3625 lussum
605 3569 702 3623 tamen
717 3562 774 3624 hoc
789 3562 946 3641 aliquando
960 3564 1110 3641 praesumi
1124 3571 1230 3644 potest,
1246 3578 1314 3626 cum
1332 3563 1478 3636 videlicet

306 3661 344 3723 ob
368 3659 515 3737 inopinam
540 3660 756 3739 aggressionem
778 3667 894 3738 tempus
914 3660 1034 3723 minime
1055 3660 1185 3740 suppetit
1205 3660 1412 3739 interrogandi
1433 3678 1477 3724 su-

306 3773 438 3836 premam
460 3758 676 3821 auctoritatem.

345 3853 467 3929 Quarto,
489 3857 649 3934 requiritur
669 3856 801 3919 intentio
823 3856 923 3935 pacis.
946 3854 1057 3920 Rectus
1084 3856 1160 3919 euim
1185 3857 1260 3920 'ordo
1286 3856 1423 3934 postulat
1449 3862 1477 3917 ut

306 3951 395 4016 homo
416 3969 447 4016 se
469 3954 630 4018 conformet
651 3953 804 4015 intentioni
827 3958 964 4026 naturae;
981 3961 1086 4028 natura
1128 3959 1208 4035 utem
1229 3967 1287 4014 non
1308 3952 1348 4014 ad
1371 3951 1476 4015 bellurn

308 4050 361 4113 sed
380 4053 418 4114 ad
441 4066 543 4129 pacem
565 4059 667 4115 mutuo
688 4051 862 4115 servandam
884 4052 1018 4113 homiues
1033 3970 1144 4131 genuit,
1158 4051 1232 4112 etin
1255 4057 1373 4112 tantum
1388 4047 1478 4113 facul-

307 4153 398 4209 tatem
419 4147 560 4228 elargitur
580 4149 763 4227 cunlugiendi
784 4148 822 4211 ad
845 4148 964 4223 bellum,
984 4156 1129 4227 quatenus
1161 4147 1292 4211 medium
1321 4150 1379 4211 hoc
1409 4148 1477 4209 adeo

308 4243 469 4309 violentum
498 4248 614 4310 omnino
641 4246 841 4311 necessarium
863 4247 903 4310 sit
927 4234 964 4310 ad
985 4247 1117 4310 debitam
1138 4246 1269 4325 gentium
1292 4245 1477 4309 concordiam
