3159 4934
292 336 348 393 324
612 352 655 393 rus
671 351 798 393 numana
815 368 824 377 -
844 349 911 392 nans
930 350 955 391 u.
975 350 1016 392 rus
1034 349 1141 392 socrum

200 506 207 519 ·
293 464 438 527 censenda
461 472 529 527 sunt
549 463 777 537 consortiailla,
800 474 874 542 quae
893 472 924 526 et
943 463 1107 537 individua,
1127 464 1235 539 quinus
1255 470 1410 537 constant,
1434 461 1473 523 ad

292 564 383 625 animi
405 562 609 640 perfectionem
625 570 807 640 promovent,
828 571 857 625 et
871 562 1000 641 reliquos
1021 563 1155 641 exemplo
1173 562 1276 625 saltem
1291 563 1474 634 informant,

292 669 323 723 et
342 660 433 722 veluti
454 660 675 739 propugnacula
695 661 841 738 quaedam
857 660 976 723 virtutis
997 661 1025 721 in
1041 661 1181 723 societate
1195 661 1397 733 constituunt,
1417 660 1475 721 ad·

292 774 396 821 versus
417 760 555 822 vitiorum
576 766 699 821 conatus
719 767 749 820 et
769 758 935 821 illecebras.

332 854 371 919 Et
393 872 462 919 sane
484 856 606 919 debetur
633 856 680 917 his
707 856 840 918 coetibus
860 856 939 935 quod
960 856 1153 918 barbarorum
1173 855 1314 919 colluvies
1333 871 1398 920 non
1422 872 1475 934 pe·

292 955 372 1017 nitus
393 970 489 1017 mores
508 954 699 1031 oppresserit,
716 955 767 1016 sed
788 954 826 1015 ad
842 962 1025 1032 praesentem
1041 953 1187 1017 culturam
1210 955 1404 1033 perveniendi
1420 971 1472 1033 pa-

293 1054 383 1115 tuerit
393 1053 502 1115 aditus.
515 1050 652 1115 Claustra
663 1052 740 1113 enim
752 1044 956 1131 religiosorum
968 1052 1131 1128 hominurn,
1146 1052 1196 1129 uui
1211 1052 1298 1115 ruodo
1309 1052 1345 1114 ab
1362 1052 1473 1130 impiis

294 1159 443 1229 tantopere
465 1157 699 1226 contemnuntur,
723 1150 809 1213 nonis
830 1159 1040 1214 conservarunt
1060 1166 1116 1213 non
1139 1151 1226 1214 modo
1250 1152 1366 1215 codices
1392 1151 1474 1213 seri-

295 1257 411 1328 plorum
432 1249 619 1327 antiquorum
635 1246 723 1327 (quod
745 1249 801 1326 ipsi
817 1249 906 1310 etiam
921 1248 1085 1311 adversarii
1100 1248 1286 1324 concedunt);
1303 1248 1366 1322 sed,
1384 1250 1469 1327 quod

294 1347 391 1409 maius
412 1354 465 1420 est,
481 1348 619 1409 virtutem
641 1348 730 1408 etiam
744 1356 773 1408 et
787 1362 903 1409 morum
924 1346 1131 1409 innocentiam.
1147 1344 1209 1409 Neo
1224 1348 1280 1409 nisi
1294 1346 1378 1409 illinc
1395 1362 1471 1425 pro·

292 1446 362 1511 lecti
382 1456 449 1509 sunt
465 1447 518 1509 viri
532 1445 723 1519 immortales,
737 1444 789 1524 qui
809 1446 948 1508 irruentis
963 1445 1118 1510 barbariae
1138 1452 1262 1510 conatus
1288 1445 1469 1508 retuderunt

291 1561 328 1609 ac
349 1545 589 1609 restaurationem
610 1544 737 1623 civilem,
758 1559 817 1621 qua
838 1544 973 1617 fruimur,
994 1543 1178 1607 inchoarunt.

758 1801 929 1865 Anarcuuus
951 1798 1002 1864 ΙΙΙ.

326 1935 373 2001 Dc
392 1938 511 2000 mainis
531 1934 734 1999 relationibus
755 1933 932 1998 Ecclesiam
952 1934 1035 1997 inter
1056 1936 1087 1995 ci
1106 1931 1235 1997 Siccium
1255 1932 1420 2013 politicum.

336 2129 400 2198 tet.
424 2131 487 2199 fluo
509 2147 651 2198 errorum
672 2130 936 2216 gocerannum
957 2130 1127 2193 absurditas
1149 2132 1178 2193 in
1194 2131 1251 2194 hac
1273 2127 1389 2193 materia
1410 2146 1465 2191 re-

291 2231 362 2311 pelli
379 2230 480 2293 debet:
503 2246 560 2292 una
574 2237 619 2292 est
633 2227 878 2301 Protestantismi,
891 2228 941 2307 qui
956 2226 1119 2291 Ecclesiam
1136 2228 1272 2305 politicae
1293 2226 1467 2316 auctoritati

291 2330 453 2402 submittis
475 2328 568 2390 altera
588 2324 926 2404 Indiffercntisiurnm,
941 2325 991 2404 qui
1006 2336 1163 2403 utramque
1177 2342 1232 2389 non
1248 2326 1333 2388 modo
1354 2325 1464 2387 distin·

291 2435 394 2506 guunt,
416 2426 466 2489 sed
482 2424 599 2488 omnino
613 2433 751 2502 separant
765 2440 801 2487 ac
816 2431 917 2486 mutuo
932 2422 1082 2486 divellunt.
1098 2422 1173 2487 lllud
1188 2424 1265 2487 enim
1282 2423 1465 2501 principium

294 2524 471 2604 persuadere
492 2525 640 2585 nituntur:
656 2520 784 2584 Staium
798 2519 958 2600 politicum
967 2540 1026 2600 per
1039 2539 1073 2584 sc
1086 2518 1212 2583 atheum
1225 2539 1292 2583 csse
1303 2523 1466 2600 oportere:

292 2622 430 2685 nimirum
454 2629 536 2683 tanta
550 2620 744 2683 indifferentia
768 2627 897 2682 utentem
913 2627 1048 2696 respectu
1070 2619 1229 2698 religionis,
1249 2627 1280 2682 ut
1297 2619 1420 2697 perinde
1434 2634 1466 2682 se

292 2729 385 2799 gerat,
399 2720 483 2797 quasi
500 2719 580 2781 nulla
601 2725 696 2781 exstet
712 2717 824 2796 religio,
845 2726 897 2780 aut
917 2717 1021 2780 saltem
1036 2732 1143 2786 ¹veram
1158 2734 1174 2779 a
1189 2716 1263 2779 lalsn
1279 2716 1358 2781 nullo
1373 2718 1465 2781 modo

292 2817 483 2880 discriminet.
498 2816 590 2881 Porro
599 2832 634 2879 ex
650 2817 707 2879 lroc
721 2812 1038 2891 indifferentiatorom
1059 2814 1196 2891 dogmate
1218 2814 1361 2892 originem
1376 2814 1466 2877 duxit

290 2911 415 2976 iormula
435 2912 495 2985 illa,
516 2927 591 2990 qrtne
612 2912 775 2975 catholicos
792 2913 882 2974 etiam
903 2912 1047 2990 quosdam
1065 2912 1144 2975 viros
1159 2911 1329 2975 fascinavit:
1347 2909 1466 2975 Libera

291 3007 435 3072 Ecclesia
452 3009 489 3101 in
511 3008 605 3072 libero
625 3008 731 3072 Sinin.

714 3200 1037 3269 PROPOSITIONES.

333 3396 661 3464 respectemus.
687 3396 830 3461 Ecclesia
853 3398 1061 3480 independens
1090 3399 1213 3465 omnino
1242 3405 1290 3463 esi
1318 3422 1341 3465 c
1366 3399 1463 3467 Sinin
1565 3452 1566 3493 3

331 3498 424 3561 lilino.

288 3517 418 3658 pOProb.
432 3592 516 3656 Haeo
532 3593 625 3656 thesis
647 3591 832 3656 corollarium
848 3595 996 3673 quoddam
1011 3603 1055 3657 est
1071 3596 1281 3673 propositionis
1295 3597 1326 3659 in
1344 3614 1466 3676 praece·

290 3690 370 3753 denti
391 3691 515 3754 articulo
543 3690 757 3764 constabilitae,
778 3707 837 3768 qua
865 3692 994 3755 diximus
1020 3691 1187 3756 Ecclesiam
1213 3694 1373 3772 imperium
1400 3712 1465 3762 esse

292 3788 454 3865 spirituale,
481 3791 520 3851 ab
541 3789 663 3867 imperio
685 3788 764 3851 civili
794 3789 878 3866 plane
899 3790 1059 3865 diversum,
1086 3805 1179 3869 eoque
1207 3792 1294 3872 longe
1324 3794 1464 3857 nobilius.

291 3882 403 3962 Aperte
412 3887 489 3947 enim
501 3886 681 3962 conspicitur
694 3902 749 3948 non
763 3902 857 3963 posse,
873 3888 951 3965 qnod
962 3887 1052 3950 altius
1064 3898 1120 3966 est,
1135 3889 1258 3967 pendere
1272 3892 1311 3954 ab
1323 3890 1465 3965 inferiori,
1565 3936 1566 3961 t

276 3980 363 4056 sqotn
385 3982 494 4045 ordinis
514 3992 673 4061 conceptus
695 3986 812 4048 omnino
834 3993 1026 4062 pervertatur.
1049 3984 1260 4061 Nihilominus,
1284 3996 1409 4067 propter
1422 3990 1465 4052 rei

292 4078 478 4158 gravitatem,
498 4081 595 4159 aliqua
619 4082 667 4144 tric
688 4083 857 4160 expressius
879 4082 1031 4145 addemus.

334 4168 434 4249 ltaque
457 4177 709 4241 evidentissimum
729 4188 785 4253 est,
806 4194 861 4253 nop
883 4192 970 4255 posse
991 4179 1160 4243 societatem
1186 4180 1317 4260 aliquam
1348 4184 1386 4246 ab
1407 4181 1466 4246 alia

295 4268 430 4346 pendere,
451 4273 507 4333 nisi
520 4275 585 4336 eius
605 4276 672 4336 finis
692 4276 743 4337 lini
764 4276 887 4339 alterius
901 4277 941 4339 sit
963 4277 1121 4341 subiectus.
1137 4274 1182 4341 Ex
1199 4280 1255 4342 line
1269 4280 1348 4343 enim
1364 4281 1464 4345 deter-
1565 4266 1566 4311 l
