3159 4934
280 339 365 382 cnrnr
384 339 418 381 nr.
437 341 472 382 ns
489 338 630 382 socmnm
647 341 793 396 nannetum,
811 339 924 384 xrnrauu
942 340 1066 386 necnnsm
1204 327 1257 396 fill

82 451 258 531 cooperatio
281 451 410 515 subiecti
433 468 484 531 per
508 461 620 515 rectam
644 455 731 517 fldem
755 462 787 517 et
810 456 948 519 honestos
972 472 1079 531 mores,
1101 458 1138 520 ad
1160 475 1251 538 qnam

81 527 501 630 coopormnffiurgencam
521 561 552 615 ct
571 552 752 631 dirigendam
775 553 905 631 suppetit
925 555 1101 618 iurisdictio.

167 644 219 711 rt.
242 647 407 713 iurisdictio
426 649 457 711 in
482 648 639 729 Episcopis
660 651 777 724 residet,
798 652 907 728 quibus
928 652 985 714 sub
1006 652 1098 715 ductu
1128 652 1255 716 Romani

82 744 239 809 Pontificis
253 762 362 809 munus
382 749 500 827 regendi
514 746 679 812 Ecclesiam
694 766 711 811 a
726 746 847 811 Christo
861 751 1054 811 commissum
1068 756 1126 812 est.
1142 746 1259 813 Posuit

80 840 260 923 Episcopos
274 862 379 925 repere
392 844 567 910 Ecclesiam
581 844 652 924 Dei,
667 864 761 926 quom
781 846 949 925 acquisivit
963 846 1121 927 sanquine
1137 864 1194 908 suo
1206 843 1258 925 (l).

82 940 140 1020 At,
161 949 310 1023 tamquam
331 945 362 1007 in
383 959 521 1022 supremo
542 945 639 1023 capite
658 953 689 1007 et
710 960 828 1007 summo
848 945 1042 1024 moderatore,
1062 946 1090 1007 in
1111 946 1177 1024 ipso
1197 942 1258 1008 Rc-

84 1054 176 1103 mano
195 1037 338 1104 Pontidcc
364 1041 523 1121 colligitur,
544 1043 595 1121 qui
624 1039 755 1121 Principi
784 1042 1010 1119 Apostolorum,
1030 1058 1134 1121 nempe
1160 1041 1259 1116 Petro,

82 1137 234 1214 succedit;
257 1154 294 1202 ac
314 1140 436 1218 proinde
463 1139 630 1219 Episcopus
651 1150 697 1203 cst
726 1141 900 1204 universalis
927 1140 1087 1214 Ecclesiae,
1108 1150 1138 1204 et
1166 1141 1257 1203 veluti

82 1234 256 1314 Episcopus
276 1236 500 1316 Episcoporum.
525 1237 622 1303 Troes
638 1235 766 1313 Petrus,
780 1242 810 1301 ct
824 1257 919 1319 super
940 1238 1021 1302 tuoe
1040 1242 1162 1319 petram
1177 1238 1259 1301 cedi·

83 1331 185 1413 fischo
195 1333 370 1397 Ecclesiam
384 1354 501 1413 mecm,·
514 1339 545 1399 ct
556 1340 666 1416 portae
678 1336 778 1414 c'ofcri
791 1352 858 1401 nort
871 1335 1098 1416 praevalebunt
1107 1335 1259 1401 adversm

82 1451 164 1513 eaor.
178 1432 227 1496 El
247 1434 303 1497 lodi
321 1433 400 1498 dodo
414 1434 516 1499 elaces
530 1435 622 1516 reperi
634 1434 801 1499 caelorum.
818 1432 865 1498 El
885 1435 1096 1517 quodcumque
1110 1434 1259 1516 lipoccrc‘c

81 1547 180 1610 super
201 1534 327 1607 terram,
347 1534 406 1595 crit
434 1532 569 1613 lipolcm
589 1536 621 1596 cl
650 1533 686 1595 irc
706 1531 822 1610 coelis;
844 1535 875 1595 ct
897 1531 1108 1614 quodcumque
1128 1531 1258 1597 solveris

84 1646 182 1708 super
203 1633 330 1706 terram
351 1631 412 1693 erit
431 1630 569 1694 solutum
590 1634 621 1693 cl
640 1631 674 1692 io
696 1630 791 1693 coelis
807 1626 858 1711 (2).
880 1626 925 1693 Ex
951 1630 1084 1694 Romano
1106 1628 1257 1707 Pontificc,

83 1735 238 1805 tamquam
253 1743 289 1789 ex
304 1728 392 1802 tonte,
406 1729 557 1792 dcrivatnr
571 1728 736 1791 iurisdictio
748 1729 778 1790 in
800 1736 912 1791 ceteros
927 1724 1101 1806 Episc0p0s;
1116 1744 1151 1791 ac
1165 1728 1192 1789 is
1206 1728 1258 1807 qni

82 1824 126 1885 ab
138 1824 203 1887 eius
225 1827 427 1888 communione
441 1834 607 1905 separatur,
622 1828 679 1890 hoc
699 1827 766 1905 ipso
783 1826 862 1889 omni
884 1826 1061 1889 auctoritate
1081 1827 1111 1888 in
1125 1826 1257 1890 fidelium

84 1924 297 2001 gubernatione
318 1923 500 1986 destituitur.

170 2019 205 2085 V.
226 2019 324 2096 Ouarc
343 2022 437 2084 icrma
465 2021 617 2100 regiminis
644 2023 672 2083 in
695 2020 830 2085 Ecclesia
852 2018 903 2085 ilci
925 2030 969 2084 est
994 2021 1119 2099 simplex
1141 2036 1259 2085 monar-

83 2121 173 2192 chia;
197 2120 342 2198 siquidem
364 2136 514 2183 summum
535 2121 692 2198 imperinm
714 2137 802 2183 unam
823 2122 979 2185 dumtaxat
997 2136 1151 2199 personam
1169 2120 1258 2184 intor-

84 2226 158 2281 mat
169 2215 367 2282 Nihilominus
377 2218 472 2297 quoad
485 2220 640 2296 potestatis
653 2218 825 2283 exercitium
841 2220 1025 2282 aristocratia
1037 2217 1255 2297 quodammodo

85 2324 282 2393 temperatum
300 2323 454 2395 propterca
474 2316 555 2395 quod
576 2314 716 2394 Episcopi
738 2316 767 2379 io
787 2314 924 2379 Conciliis
948 2333 1003 2378 nna
1026 2332 1094 2379 cnm
1116 2314 1258 2379 Pontidce

84 2424 235 2475 summam
256 2414 488 2478 iurisdictionem
510 2420 656 2487 exercent,
676 2421 707 2477 et
727 2429 796 2476 rere
826 2414 974 2492 principes
996 2413 1167 2491 spirituales
1189 2420 1258 2477 sunt

85 2512 119 2573 in
140 2512 259 2589 propria
273 2512 414 2590 peculiari
435 2509 584 2585 Dioecesi;
601 2518 737 2589 respectu
758 2512 842 2574 cuins
856 2510 936 2590 leges
958 2510 1087 2574 condunt
1107 2519 1136 2574 ct
1150 2510 1257 2573 ceteris

84 2610 274 2672 auctoritatis
302 2609 474 2673 muneribus
496 2610 716 2687 periunguntur.
740 2608 834 2673 immo
854 2609 889 2672 de
905 2610 1082 2672 democratia
1104 2608 1202 2689 ctiam,
1225 2616 1257 2671 nt

84 2708 178 2770 sentit
198 2706 404 2787 Bellarrninns,
425 2706 536 2785 aliquid
559 2706 737 2783 participare
759 2706 818 2769 dici
840 2714 944 2785 potest,
960 2715 1105 2783 quatenus
1120 2707 1258 2771 omnibns

84 2805 344 2868 indiscriminatim
367 2805 447 2885 (licet
474 2803 521 2866 via
547 2803 624 2866 sacri
646 2798 778 2882 Ordinis)
804 2804 842 2866 ad
862 2804 1022 2883 quemlibet
1049 2806 1258 2883 magistratum

83 2903 320 2983 adipiscendum,
335 2920 371 2967 ne
385 2918 522 2981 supremo
536 2900 656 2980 quidem
676 2901 800 2980 imperio
813 2909 946 2980 excepto,
959 2902 1033 2965 liber
1048 2902 1147 2965 aditus
1164 2910 1257 2983 patet;

84 3011 118 3068 ct
139 3004 184 3067 sic
197 3019 215 3065 a
230 3003 356 3082 gerenda
376 3000 539 3064 christiana
560 2998 712 3079 republica
734 3015 818 3063 nemo
839 3000 1017 3063 excluditur.

167 3098 221 3165 vt
233 3099 367 3164 Potestas
377 3097 527 3163 Ecclesiae
545 3114 599 3161 non
614 3097 701 3161 modo
715 3106 803 3161 actus
816 3105 952 3162 externos
967 3098 1087 3177 respicit
1099 3099 1257 3181 (siquidem

87 3199 202 3274 fideles,
215 3199 326 3279 quibus
346 3200 483 3275 imperat,
496 3196 629 3260 homines
650 3203 720 3259 snnt
734 3196 786 3274 qui
800 3196 929 3259 externis
944 3197 1062 3261 actibus
1075 3196 1256 3275 operantum

87 3299 243 3362 sedetiam
257 3305 288 3360 et
301 3297 459 3376 praecipue
478 3295 600 3373 respicit
615 3301 699 3358 actus
719 3293 863 3368 internos3
880 3294 1025 3373 siquidem
1048 3294 1256 3359 conscientiam

84 3411 204 3476 (rumne
230 3395 374 3458 diiudicat
394 3405 424 3458 et
443 3410 478 3457 ea
500 3393 610 3466 delinit,
634 3408 710 3471 quae
730 3392 768 3454 ad
789 3390 892 3457 Fidem
923 3400 952 3456 et
977 3407 1073 3456 mores
1102 3393 1256 3471 pertinent.

83 3494 185 3570 Quare
198 3497 264 3559 cius
286 3496 448 3558 auctoritas
461 3492 625 3571 spiritualis
645 3500 761 3556 estnon
776 3493 864 3557 modo
878 3494 990 3555 ratione
1010 3492 1086 3565 linis,
1101 3492 1256 3556 sedetiam

86 3594 201 3658 ratione
221 3594 358 3667 subiecti,
380 3594 411 3656 in
432 3592 511 3670 quod
533 3593 664 3668 proxime
684 3598 714 3654 et
739 3592 896 3670 praecipue
916 3597 1063 3667 operatur.
1086 3586 1135 3653 Sic
1156 3603 1257 3653 revera

86 3700 185 3757 totum
204 3692 361 3769 hominem,
383 3698 528 3770 quatenus
551 3689 590 3751 ad
611 3686 665 3751 Dei
687 3687 800 3751 cultum
822 3698 851 3751 et
871 3696 1018 3750 aeternam
1040 3686 1166 3750 salutem
1187 3687 1259 3751 diri·

86 3790 202 3872 gendm
222 3799 278 3864 cst,
292 3789 462 3852 moderatur
481 3794 512 3850 et
533 3786 685 3865 gubernat.

127 3884 175 3951 Ex
195 3887 254 3962 his,
274 3902 352 3966 quae
378 3886 417 3947 ad
437 3892 573 3948 naturam
595 3881 746 3946 Ecclesiae
774 3873 831 3945 non
853 3889 913 3943 tam
943 3880 1145 3960 explicandam
1167 3883 1257 3962 (qnod

86 3986 274 4066 propositum
288 3993 419 4048 nostrum
434 3979 607 4061 egreditur),
618 3980 668 4042 sed
683 3979 786 4042 leviter
807 3978 1040 4041 adumbrandam
1054 3981 1258 4057 exposuimus,

85 4084 124 4147 ad
145 4091 318 4163 sequentem
341 4081 566 4160 propositionem
586 4077 849 4141 constabiliendam
871 4076 1057 4139 adducimur,

134 4233 169 4295 (ll
185 4235 270 4281 Actus
286 4230 482 4294 Apostolorum.
499 4227 532 4285 X,
546 4224 585 4275 28.

134 4311 170 4375 (ἳ)
187 4310 340 4370 Marrnsnr,
355 4308 421 4366 XVI,
439 4308 476 4366 18,
493 4306 529 4358 19.
