3159 4934
282 304 336 362 309.
601 313 787 357 tesserarum
805 330 815 340 -
833 312 901 355 unns
918 310 944 355 n.
963 313 1006 356 ros
1024 312 1132 355 socians

282 443 346 491 ram
363 428 490 500 .babeat;
511 424 597 488 modo
617 425 695 490 iusto
716 425 802 488 titulo
823 425 1017 507 possideatur,
1044 426 1166 505 eiusque
1192 426 1368 489 exercitium
1394 442 1465 489 non
1499 472 1503 479 -

282 527 319 588 ad
341 524 499 586 utilitatem
520 523 706 601 possidentis,
725 524 779 587 sed
800 524 838 586 ad
860 524 950 587 totius
965 526 1097 603 corporis
1118 524 1236 588 socialis
1254 526 1361 588 bonum
1383 525 1468 587 diri·

281 632 376 705 gatur.
392 621 433 687 Ut
453 623 544 701 igitur
566 638 627 684 rem
647 621 868 695 concludamus,
884 622 1083 685 confundenda
1102 639 1157 685 non
1178 632 1223 685 est
1245 623 1357 687 iustitia
1381 639 1461 685 cum

283 723 424 796 utilitate;
444 720 569 785 3331113
594 720 639 784 vel
659 721 718 783 levi
745 722 861 783 iactura
881 722 960 783 affici
983 729 1086 800 potest,
1117 729 1149 783 ut
1170 721 1243 784 baec
1268 726 1463 799 procuretur,

281 821 395 883 etiamsi
417 826 498 881 certo
518 823 668 896 appareat.
689 814 774 891 Quod
796 833 864 881 vero
887 817 1067 882 contrarium
1095 818 1240 891 dictitent,
1260 818 1312 896 qui
1333 834 1371 881 ex
1392 818 1463 896 epi·

280 930 438 981 cureorum
459 932 548 994 grege
569 925 648 994 sunt,
669 915 786 979 tolerari
801 916 919 994 quidem
941 924 1046 995 potest.
1063 915 1104 979 At
1118 916 1199 994 quod
1212 916 1291 978 idem
1307 924 1460 994 repetant,

280 1016 332 1096 qui
353 1032 370 1077 a
391 1014 601 1077 materialismo
615 1016 775 1077 abhorrere
789 1030 822 1077 se
835 1014 956 1088 iactant,
971 1030 1006 1077 ac
1022 1028 1154 1077 normam
1176 1013 1362 1091 operatorio
1384 1028 1461 1077 con·

281 1124 369 1193 coptu
391 1114 521 1176 institiae
541 1120 571 1175 et
585 1113 705 1176 virtutis
726 1112 926 1177 collocandam
948 1127 1012 1175 esse
1031 1111 1214 1189 largiuntur3
1229 1111 1260 1173 id
1275 1109 1321 1173 vel
1336 1119 1459 1188 turpem

280 1211 466 1292 hypocrisim
487 1220 581 1285 sonat,
596 1210 643 1273 vel
663 1211 875 1274 inconstantiae
889 1210 1032 1273 indicium
1053 1218 1108 1284 est,
1129 1225 1165 1272 33
1179 1209 1276 1273 dicam
1294 1210 1459 1273 fatuitatis.

829 1473 843 1545 §
866 1467 902 1533 ll.

583 1600 634 1665 Do
653 1600 793 1682 supremi
811 1600 1006 1681 Imperanto's
1027 1600 1147 1683 officiis.

319 1794 386 1860 1118.
409 1794 558 1880 Princeps
572 1794 630 1863 rite
645 1793 796 1879 intellipat
812 1794 923 1863 limites
939 1814 1017 1865 snae
1034 1797 1205 1885 potestatis.
1221 1798 1286 1875 Quo
1302 1800 1390 1864 altior
1403 1809 1448 1863 331

278 1912 462 1959 summorum
491 1897 698 1974 imperantium
724 1896 862 1975 dignitas,
883 1912 917 1961 eo
946 1899 1081 1976 graviora
1109 1896 1179 1960 sunt
1206 1899 1315 1973 officia,
1340 1899 1444 1978 quibus

277 2009 347 2071 erga
369 1995 537 2057 societatem
559 1993 790 2072 adstringuntur.
813 1992 888 2067 Nos,
908 1995 959 2073 qui
981 1996 1153 2073 compendio
1176 1997 1345 2070 studemus,
1364 2004 1394 2058 nt
1413 1996 1441 2057 in

276 2092 367 2153 rebus
388 2090 456 2153 aliis
476 2092 609 2166 lecimus,
624 2091 668 2155 313
688 2092 718 2153 13
740 2093 898 2169 praesenti,
919 2108 996 2171 quae
1018 2098 1175 2171 praecipua
1190 2103 1270 2170 suut,
1288 2096 1382 2160 obiter
1396 2094 1445 2157 de·

278 2188 447 2251 libabimus.
937 2242 940 2249 .
1272 2218 1276 2225 ·

315 2285 463 2365 Principio
483 2287 573 2365 igitur
594 2302 714 2351 neccsse
734 2295 778 2352 est
800 2297 833 2351 ut
854 2290 990 2367 princeps
1013 2290 1069 2351 rite
1084 2289 1232 2369 intelligat
1246 2291 1298 2370 qui
1319 2292 1361 2353 sit
1382 2306 1447 2369 pro

276 2384 358 2463 priae
378 2383 564 2447 auctoritatis
591 2400 709 2463 scopus,
729 2392 759 2448 et
778 2402 837 2464 quo
858 2388 968 2451 circulo
992 2388 1055 2450 eius
1078 2388 1144 2450 iura
1165 2389 1353 2466 spatientnr;
1374 2404 1446 2453 nea

275 2483 374 2545 debito
394 2484 452 2545 fine
480 2483 637 2555 desciscat,
658 2490 709 2545 aut
736 2483 845 2546 limites
867 2502 882 2546 a
905 2494 1009 2548 natura
1030 2486 1167 2549 delinitos
1197 2487 1356 2549 transiliat.
1377 2485 1445 2551 Non

275 2582 351 2643 enim
373 2580 577 2642 arbitrandum
598 2587 643 2641 est
664 2596 732 2643 cnm
753 2579 971 2656 Machiavellio,
992 2583 1116 2661 aliisque
1144 2583 1281 2661 politicae
1301 2586 1444 2649 scientiae

274 2678 509 2754 corruptoribus:
524 2676 741 2755 imperantibus
756 2679 786 2740 id
807 2695 891 2742 omno
906 2680 1004 2755 licere,
1017 2682 1096 2759 quod
1111 2680 1251 2759 cupiunt;
1266 2697 1361 2761 neque
1375 2698 1445 2745 cum

274 2773 397 2838 Hornio:
419 2774 453 2838 ld
473 2790 558 2839 omne
585 2791 672 2854 posse
693 2773 858 2854 Principem
886 2777 916 2838 in
939 2779 1054 2857 proprio
1079 2794 1180 2858 regno,
1206 2779 1285 2859 quod
1313 2777 1395 2844 Deus
1416 2772 1455 2844 in‘

274 2872 392 2934 mundo.
408 2872 579 2936 Auctoritas
599 2874 675 2936 enim
691 2873 789 2936 civilis
810 2875 1013 2938 contundenda
1034 2890 1091 2938 uon
1113 2884 1160 2940 331
1177 2893 1247 2939 3313
1269 2880 1444 2943 auctoritate

273 2969 433 3049 generatim
453 2971 594 3048 inspecta,
608 2970 701 3034 multo
722 2972 820 3033 minus
841 2974 1105 3037 cumrauctoritatc
1128 2973 1237 3037 divina.
1254 2973 1342 3039 Solus
1364 2975 1444 3040 Deus

272 3066 450 3129 auctoritate
464 3068 572 3145 gaudet
585 3067 720 3132 absoluta
734 3078 765 3131 et
785 3069 873 3132 331113
887 3070 1032 3133 limitibus
1050 3072 1286 3151 circumscripta
1302 3071 1443 3138 Homines

273 3180 351 3238 vero,
374 3172 533 3243 utcumque
554 3165 608 3227 Dei
635 3167 751 3230 nomine
777 3167 932 3245 imperent,
954 3170 1069 3233 nonnisi
1090 3170 1175 3233 valde
1197 3171 1389 3237 terminatam
1413 3182 1443 3236 et

272 3263 406 3326 confiniis
420 3262 592 3325 adstrictam
615 3272 790 3340 potestatem
813 3266 997 3343 participant.
1013 3266 1047 3329 ld
1069 3268 1259 3345 potissimum
1282 3268 1320 3332 de
1341 3279 1443 3335 aucto

272 3362 358 3422 ritate
378 3359 456 3422 cirili
472 3359 628 3421 dicendum
649 3369 802 3434 33131133
822 3378 910 3441 quam
928 3379 984 3426 non
1006 3365 1093 3429 modo
1110 3367 1272 3429 auctoritas
1294 3366 1442 3447 religiosa,

270 3474 346 3536 quac
367 3457 452 3535 longe
471 3456 558 3519 altior
577 3466 633 3531 est,
653 3466 683 3521 et
703 3458 877 3522 nobiliorem
892 3461 987 3523 ¹linem
1008 3469 1131 3542 spectat,
1154 3463 1206 3525 sed
1227 3464 1317 3527 etiam
1339 3474 1441 3530 aucto·

271 3556 345 3615 ritas
367 3562 486 3631 paterna
507 3555 660 3634 reperitur,
675 3556 761 3617 cuius
782 3556 897 3635 origoa
916 3566 1019 3620 natura
1042 3569 1083 3620 est
1106 3567 1136 3623 et
1157 3561 1204 3623 ius
1225 3576 1355 3623 sacrum.
1371 3559 1442 3625 Pro·

272 3653 336 3728 prio
350 3653 440 3731 igitur
453 3654 565 3716 ambitu
586 3661 773 3716 externarum
789 3654 972 3731 relationum,
988 3672 1064 3735 quae
1079 3657 1178 3737 vigent
1199 3660 1275 3722 inter
1292 3661 1384 3735 cives,
1400 3661 1442 3724 ci·

272 3750 336 3810 cilis
357 3752 517 3814 auotoritas
543 3767 575 3814 33
595 3751 754 3827 contineam
775 3760 864 3830 atque
885 3753 950 3815 illas
972 3754 1016 3816 sio
1043 3755 1167 3831 ordinet,
1190 3758 1439 3835 quemadmodum

272 3848 390 3924 publica
406 3848 497 3924 33133,
513 3863 571 3926 pax
585 3849 760 3922 communis,
774 3848 869 3913 bonor
883 3848 939 3915 Dei
953 3860 981 3913 et
996 3851 1083 3930 leges
1099 3853 1263 3917 honestatis
1278 3856 1437 3933 postulant.

313 3940 377 4005 11111.
390 3942 556 4028 comparet
570 3942 672 4010 media
687 3942 726 4010 ad
748 3962 859 4012 munus
880 3944 938 4014 rite
954 3947 1174 4017 exercendum.
1192 3950 1312 4016 Munere
1327 3964 1438 4029 331333,

271 4055 330 4117 quo
358 4042 509 4104 iuncturos
535 4051 591 4117 est,
612 4044 669 4106 rite
697 4044 855 4118 intellecto,
878 4061 1035 4124 supremus
1063 4048 1245 4127 reipublicae
1273 4051 1441 4115 moderator

270 4136 367 4199 medio
395 4138 495 4201 idonea
524 4150 699 4218 comparare
722 4142 819 4216 debet,
840 4143 948 4222 quibus
977 4132 1082 4207 munus
1106 4146 1180 4210 illud
1204 4157 1383 4227 exsequatur
1403 4166 1439 4213 33

270 4236 379 4299 bonum
394 4249 548 4300 commune
570 4247 715 4315 procuret.
730 4237 807 4303 Hinc
830 4256 886 4303 non
902 4239 988 4305 modo
1011 4244 1147 4321 politicae
1161 4246 1303 4309 scientiae
1316 4244 1439 4327 diligen·
