3159 4934
620 349 765 392 venerario
1261 333 1275 386 7

104 465 138 534 et
166 464 232 535 iam
260 485 443 556 magnaei
468 467 563 554 parte
589 466 854 558 compleverunt3
879 465 969 537 aliud
995 485 1059 536 non
1085 483 1156 537 esee
1185 463 1277 553 quid·

103 608 215 677 quam,
234 590 298 660 nisi
316 588 523 662 corollarium
550 589 637 662 Iuris
654 590 815 661 naturalis
832 590 930 680 prout
946 588 1160 661 concinnatur
1176 611 1195 660 a
1211 589 1277 660 Ra

105 715 306 802 tionalistie3
332 717 389 805 qui
407 717 476 788 suis
493 715 631 789 theoriis
648 716 689 789 ad
710 717 900 805 societatem
916 712 1134 786 abstractione
1154 714 1276 784 mentis

104 839 318 911 euertendam
344 841 444 931 atque
470 843 539 913 solo
556 840 696 913 rationis
714 841 814 912 ductu
830 840 950 930 iterum
967 838 1191 912 fabricandam
1207 838 1277 908 ani·

102 985 196 1034 mum
214 964 435 1038 adiunxerant
453 964 520 1061 (l).

153 1088 244 1180 Quae
269 1112 341 1162 eum
366 1091 414 1164 ita
439 1093 519 1178 sint,
546 1091 575 1161 si
600 1111 640 1162 ex
673 1090 781 1161 fructu
815 1089 1019 1182 cognoscitur
1045 1089 1143 1160 arbor
1172 1088 1206 1158 et
1234 1106 1274 1157 ex

102 1215 222 1305 planta
235 1235 360 1301 semen;
375 1216 511 1306 quisque
526 1235 584 1306 per
597 1236 633 1288 ee
650 1216 745 1288 facile
759 1214 852 1286 ridet
864 1217 1022 1305 quantum
1035 1214 1155 1286 ueneni
1171 1213 1274 1285 lateat

100 1338 315 1428 in'doetrina,
342 1362 381 1414 ex
406 1361 471 1431 qua
500 1344 593 1415 tanta
621 1343 809 1434 depravatio
838 1341 1067 1433 proficiscitur.
1098 1341 1274 1412 Enimuero

100 1485 269 1556 nunquam
295 1487 360 1556 pan
384 1469 419 1538 in
445 1468 632 1541 sociotatem
658 1472 691 1540 et
718 1468 795 1540 ordo
821 1467 857 1538 in
883 1469 985 1539 uitam
1018 1466 1195 1538 humanam
1225 1488 1273 1538 re

100 1590 215 1662 ditura
240 1594 327 1684 sunt,
354 1577 455 1664 donec
480 1613 606 1665 morum
632 1591 807 1682 disciplina
837 1613 972 1665 acoeno
989 1593 1191 1686 detergatur,
1209 1611 1272 1680 quo

100 1719 344 1792 Rationalistae
360 1720 453 1792 illam
470 1719 695 1812 deturparunt.
715 1719 785 1792 Nec
802 1721 883 1791 satis
909 1719 961 1790 est
977 1719 1015 1790 ut
1031 1717 1186 1789 adiuncta
1202 1717 1273 1788 tan·

98 1852 175 1919 tum
193 1847 303 1938 aliqua
328 1848 386 1919 aut
409 1845 575 1918 illationes
600 1850 798 1931 resecentur,
825 1846 919 1936 qrrasi
944 1844 1148 1916 luxuriantes
1174 1845 1271 1934 rami;

96 1971 158 2044 sed
184 1972 314 2044 omnino
341 1973 469 2062 oportet
485 1974 523 2044 ut
539 1973 661 2044 securis
685 1971 785 2044 radici
810 1971 1033 2056 admoneatur,
1053 1973 1086 2042 et
1110 1968 1273 2062 principia

97 2099 174 2189 ipsa
191 2095 340 2170 funditus
358 2097 594 2171 convellantur.
613 2097 687 2168 Huc
704 2097 791 2168 uires
808 2096 984 2169 intendant
1001 2098 1131 2188 oportet
1148 2113 1271 2179 omnes,

99 2243 243 2312 quorum
259 2225 375 2315 pectus
392 2244 501 2296 amore
517 2223 660 2295 hominis
677 2226 711 2295 ct
728 2223 895 2295 societatis
912 2223 1060 2296 incaluit.
1079 2221 1132 2294 Ad
1148 2221 1272 2312 id„pro

12 2409 13 2412 ,
99 2349 229 2440 ingenii
247 2350 310 2420 mei
328 2350 499 2437 tenuitate,
520 2370 650 2442 operam
668 2348 791 2422 contuli
817 2349 908 2422 hisee
931 2349 1159 2422 elucubrandis
1176 2349 1271 2419 insti-

99 2474 302 2566 tutionibus3
320 2494 414 2564 quae,
430 2475 457 2546 si
476 2496 540 2546 non
560 2495 601 2546 ex
618 2476 706 2546 omni
722 2477 816 2565 parte
839 2475 1028 2565 perfectam,
1046 2494 1159 2544 sanam
1184 2474 1272 2544 certe

12 2591 13 2598 ’
98 2601 202 2688 atque
233 2621 273 2671 er
301 2601 387 2672 ueris
420 2597 557 2672 naturae
590 2600 762 2692 principiis
790 2598 942 2672 haustam
972 2599 1153 2673 doctrinam
1182 2596 1272 2670 exhi-

98 2725 241 2796 bebunt.

149 2847 239 2940 Quae
257 2847 325 2922 diri
342 2851 531 2942 praesentes
548 2851 785 2924 Institutiones
802 2855 985 2946 generatim
1002 2856 1163 2946 spectant.
1178 2853 1271 2946 Quod

94 2993 177 3044 uero
194 2973 237 3045 ad
253 2972 339 3047 hanc
356 2977 502 3048 octauam
520 2977 698 3050 editionem
714 2978 847 3065 attinet,
865 2979 1018 3052 advertat
1034 2981 1136 3052 lector
1163 3000 1270 3051 carna

95 3097 325 3190 superioribus
354 3083 485 3174 differre
513 3103 739 3193 aliquantum;
766 3106 927 3192 quatenus
956 3105 1115 3176 nonnulla
1142 3105 1269 3195 dempsi

94 3243 185 3314 quae
212 3224 319 3314 minus
343 3226 537 3314 intererant,
556 3228 632 3307 aliie
658 3230 813 3316 suffectio,
840 3250 923 3320 quae
939 3228 1074 3302 utiliora
1093 3233 1164 3302 risa
1180 3231 1266 3302 sunt.

95 3349 166 3434 Sic,
185 3351 225 3421 ut
250 3369 355 3440 spero,
373 3351 458 3423 liber
474 3350 528 3424 hio
549 3356 661 3426 noster
678 3355 741 3426 erit
765 3355 930 3428 iuuentuti
947 3357 1168 3429 instituendae
1187 3378 1270 3427 com-

92 3473 237 3546 modior.
937 3484 942 3496 “

152 3695 192 3765 (l)
209 3693 269 3749 llide
287 3695 318 3750 dc
336 3693 383 3751 bac
401 3711 428 3752 re
446 3696 615 3754 doctissimum
639 3696 708 3753 siaul
732 3699 756 3753 iu
782 3713 864 3769 opere,
890 3699 930 3754 eui
958 3698 1059 3754 titulus:
1081 3698 1178 3753 Scordo
1196 3698 1269 3751 della

91 3794 239 3858 Filoaofiu
259 3796 302 3849 del
316 3797 433 3860 Diritto,
446 3796 488 3852 lib.
503 3797 527 3863 3,
541 3812 588 3852 sen.
602 3797 627 3863 6,
645 3813 666 3853 c.
680 3797 698 3863 1,
719 3797 863 3855 uaduzione
881 3797 922 3852 dal
942 3797 1047 3855 tedesco.
1061 3797 1242 3853 Torin01833.
