3159 4934
410 316 494 359 carun
513 316 548 359 m.
564 318 598 359 ns
615 316 706 359 uonuu
725 315 897 359 orunarroms
914 316 1042 358 uuuauau
1261 303 1314 359 105

135 426 246 489 cienda
260 426 428 505 pertineant
441 427 480 489 ad
495 435 653 505 praecepta
674 426 749 506 legis
770 436 903 502 naturae,
923 442 999 507 quae
1019 428 1096 490 ratio
1115 428 1248 505 practica
1262 443 1313 507 ap·

137 524 298 601 prehendit
318 541 384 588 esse
407 526 481 588 bona
502 526 631 588 bumana
646 524 698 605 (l).
713 546 731 582 s

181 620 228 685 Ex
250 622 400 699 praedicto
421 624 564 701 principio
578 624 689 702 optime
704 623 831 686 sumitur
852 638 953 686 norma
974 623 1011 686 ad
1026 624 1235 700 praestantiam
1251 624 1312 685 sin-

134 719 279 798 gulorum
300 722 463 784 officiorum
486 722 707 797 dimetiendam,
720 730 750 785 et
769 721 986 785 nobilissimum
1008 722 1151 783 motivum
1172 721 1311 799 operandi

136 820 358 897 suppeditatur.
379 818 457 883 Nam
472 822 579 885 bonum
601 824 763 884 humanum
785 822 815 882 in
829 820 929 884 ordine
942 821 1130 899 potissimum
1145 820 1234 882 situm
1248 829 1311 893 est,

138 917 288 995 siquidem
304 918 392 982 homo
407 917 520 983 ratione
530 919 729 993 constituitur,
740 918 846 981 rationi
860 926 958 981 autem
974 917 1045 982 ordo
1056 917 1220 994 respondet.
1233 915 1310 981 Hinc

137 1030 180 1077 ex
196 1016 320 1093 generali
334 1024 506 1095 praecepto:
522 1014 649 1080 Bonum
662 1019 710 1079 est
719 1015 975 1097 prosequmdum,
991 1016 1093 1078 statim
1111 1017 1310 1094 consequitur,

140 1120 177 1174 ut
202 1116 335 1175 caturae
354 1114 429 1179 ordo
449 1110 605 1177 seruetur.'
620 1112 701 1187 Quae
722 1116 814 1193 igitur
842 1114 938 1179 officia
959 1129 997 1178 ex
1016 1113 1211 1178 nobilioribus
1238 1113 1312 1177 rela-

139 1210 272 1273 tionibus
292 1221 466 1291 exsurgunt,
482 1228 517 1275 ac
538 1212 659 1290 proinde
674 1212 820 1277 excellunt
840 1214 871 1275 in
883 1210 997 1285 ordinm
1011 1227 1045 1274 ea
1066 1212 1130 1274 iure
1150 1212 1312 1290 meritoque

141 1307 258 1385 potiora
279 1308 452 1373 iudicantur
472 1318 502 1373 et
523 1310 629 1373 ceteris
649 1311 857 1389 anteponenda.
872 1309 1003 1388 Itemque
1023 1324 1092 1371 cum
1110 1310 1312 1388 undenorum

137 1405 301 1468 infinibus
333 1414 363 1469 et
387 1408 586 1471 reductionem
613 1409 700 1470 unius
722 1408 758 1469 ad
787 1408 913 1471 alterum
942 1406 1118 1485 patefaciam
1140 1408 1196 1470 boc
1225 1407 1315 1471 babet

139 1502 305 1581 proprium,
320 1512 364 1578 ut,
379 1506 630 1583 quemadmodum
646 1506 775 1569 ostendit
789 1505 930 1568 mundum
946 1504 1089 1567 visibilem
1104 1504 1142 1565 ad
1156 1504 1314 1579 bominem,

137 1608 167 1663 et
190 1603 218 1663 in
234 1602 352 1666 bomine
368 1604 434 1681 ipso
455 1618 565 1682 corpus
580 1604 619 1666 ad
633 1604 763 1666 animum
784 1602 923 1681 ordinari,
938 1611 1025 1682 atque
1047 1602 1135 1664 buius
1156 1602 1312 1665 facultates

138 1698 293 1762 interiores
308 1701 346 1764 ad
362 1716 540 1780 supremam,
552 1716 668 1763 summo
682 1702 757 1764 bono
772 1700 994 1778 perficiendam
1008 1701 1051 1763 sic
1064 1701 1153 1763 ctiam
1167 1708 1311 1763 monstret

139 1797 255 1874 apicem
279 1806 308 1861 et
331 1799 486 1861 terminum
518 1798 653 1861 ultimum
676 1798 871 1861 buiusseriei
901 1797 1014 1861 nonnisi
1041 1798 1071 1859 in
1098 1797 1197 1860 diviua
1218 1798 1311 1878 gloria

138 1894 273 1973 reperiri.
296 1892 494 1969 Quamobrem
516 1896 626 1959 homini
648 1896 807 1975 persuadet
828 1903 861 1958 ut
879 1895 905 1957 si
927 1896 1177 1973 praestantissima
1198 1897 1311 1960 ratione

137 1994 255 2071 operari
278 1993 356 2072 velit,
379 2008 548 2071 supremum
576 1995 633 2057 boc
661 1994 803 2069 motivum
831 2000 953 2071 spectet,
974 1993 1053 2072 quod
1080 2008 1151 2071 prae
1174 1994 1310 2057 omnibus

137 2091 357 2153 nobilissimum
378 2099 472 2162 estet
492 2107 560 2155 cum
581 2093 709 2154 maxima
725 2092 788 2154 eius
811 2092 985 2169 perfectione
1006 2091 1160 2154 sociatum.
1175 2090 1209 2153 ld
1229 2093 1306 2154 enim

121 2190 238 2265 'ipsum
267 2189 345 2268 qnod
374 2205 544 2269 supremum
574 2190 680 2252 bonum
709 2189 837 2252 bominis
864 2188 1003 2261 continet,
1026 2189 1143 2265 adeptio
1170 2189 1309 2251 nimirum

137 2288 238 2350 ultimi
260 2289 337 2363 linis,
359 2290 486 2353 continet
507 2291 595 2352 etiam
617 2294 780 2352 extremum
803 2289 885 2351 illum
907 2290 1031 2368 gradum
1052 2290 1170 2352 divinae
1190 2289 1309 2419 gloriae,

136 2387 192 2465 qui
207 2386 251 2449 ab
272 2387 389 2450 bomine
410 2387 561 2465 procurari
584 2394 688 2465 potest

521 2598 699 2664 Solvuntur
720 2598 930 2683 difficultates

181 2774 250 2840 107.
279 2774 372 2841 Obit'c.
394 2778 416 2843 l.
438 2777 482 2843 Ita
504 2796 536 2843 se
562 2780 673 2843 babent
694 2788 849 2858 praecepta
870 2778 944 2857 legis
965 2778 1107 2840 naturalis
1126 2780 1156 2841 in
1180 2779 1308 2853 bomine,
1348 2851 1350 2854 v

134 2875 240 2954 quoad
253 2877 378 2953 praxim,
394 2877 472 2939 sicut
485 2892 517 2940 se
537 2876 648 2940 habent
668 2877 813 2955 principia
828 2876 1020 2956 speculativa,
1034 2877 1131 2955 quoad
1146 2878 1310 2940 scientiam.

134 2972 256 3050 Atqui
248 2989 278 3034 ru
293 2974 339 3036 bis
353 2974 438 3053 plura
453 2982 520 3037 sunt
536 2976 630 3052 prima
652 2976 804 3053 principia
819 2972 899 3054 Ergo
918 2976 1007 3037 etiam
1027 2974 1131 3037 inillis
1146 2974 1230 3053 plura
1245 2990 1310 3039 esse

134 3071 248 3134 debent
270 3072 363 3149 prima
385 3084 551 3151 praecepta

178 3166 218 3231 R.
239 3166 332 3232 Oouc
346 3170 420 3233 mci.
436 3177 467 3233 et
485 3168 557 3233 dist.
572 3168 655 3233 mio:
670 3168 758 3232 Plura
776 3177 843 3232 snut
859 3170 953 3247 prima
968 3169 1121 3247 principia,
1134 3169 1211 3231 idest
1232 3172 1311 3248 prin·

136 3266 219 3344 cipia
236 3282 288 3345 per
303 3282 334 3329 se
348 3276 427 3341 uota,
441 3284 534 3343 couc;
549 3267 626 3331 idest
647 3268 789 3346 principia
807 3282 863 3330 non
879 3267 1054 3331 revocabilia
1068 3265 1210 3341 adalind,
1224 3285 1314 3346 nepo..

140 3362 229 3426 Dist.
252 3365 363 3444 pariter
383 3382 592 3445 consequens:
613 3363 703 3429 Plura
724 3380 790 3427 esse
812 3366 917 3427 debent
937 3364 1031 3443 prima
1043 3373 1213 3443 praecepta,
1233 3365 1311 3427 idest

141 3476 219 3537 quae
234 3462 404 3525 immediate
419 3478 450 3525 se
464 3462 624 3525 intellectui
645 3462 833 3542 patefaciant,
847 3480 937 3539 eone·
951 3462 1029 3525 idest
1049 3478 1124 3540 quae
1144 3462 1183 3524 ad
1197 3461 1308 3523 nullum

139 3557 226 3621 aliud
246 3560 439 3649 universalius
458 3576 493 3623 ac
514 3560 677 3638 simplicius
698 3569 886 3645 praeceptum
908 3561 1097 3634 reducantur,
1109 3577 1195 3639 cepo.

182 3654 382 3737 Comparatio,
398 3660 435 3721 ad
452 3674 540 3737 quam
555 3658 681 3721 recurrit
700 3658 836 3731 obiectio,
850 3658 934 3722 nobis
948 3673 1004 3721 uon
1017 3658 1099 3722 obest
1114 3657 1166 3719 sed
1180 3657 1309 3735 prodest.

136 3754 218 3820 Nam
240 3756 320 3819 sicut
339 3757 368 3818 in
383 3756 502 3819 iudiciis
518 3756 717 3834 speculativis,
733 3756 803 3820 licet
817 3757 923 3824 dentur
938 3756 1037 3835 plures
1052 3756 1191 3818 veritates
1212 3769 1265 3833 per
1279 3770 1310 3817 se

135 3862 236 3927 uotae,
249 3868 327 3933 quae
342 3854 437 3932 prima
453 3853 596 3931 principia
610 3854 758 3928 dicuntur,
772 3855 829 3916 bae
851 3862 947 3932 tamen
961 3853 1070 3929 optime
1085 3859 1259 3914 revocantur
1273 3852 1309 3915 ad

136 3968 240 4025 unam,
253 3968 330 4030 quae
351 3952 484 4030 proxime
504 3951 569 4013 tluit
587 3968 624 4013 ex
638 3952 704 4013 idea
717 3952 807 4027 entis;
823 3952 866 4012 sic
887 3950 916 4011 in
937 3949 1055 4011 iudiciis
1077 3948 1226 4028 practicis
1240 3950 1312 4013 licet

135 4051 247 4115 dentur
260 4057 428 4129 praecepta,
438 4064 514 4128 quae
527 4049 747 4112 ratiocinatione
761 4064 818 4112 uon
832 4055 927 4126 egent,
940 4055 1036 4109 tamen
1048 4047 1122 4110 baec
1135 4063 1252 4127 quoque
1266 4064 1312 4112 re·

145 4254 148 4257 ·
187 4244 223 4305 (l)
241 4245 356 4295 Summo
373 4244 409 4295 cb.
426 4244 462 4294 1.ι
477 4242 523 4293 25⁰
541 4256 564 4306 q.
580 4240 667 4300 XCIV,
682 4256 709 4293 a.
725 4241 749 4291 2.
