3159 4934
299 323 353 380 312
612 337 655 379 ins
673 337 797 379 NATURAE
815 354 825 365 ·
842 336 911 377 PARS
929 336 956 376 11.
975 334 1016 377 lUS
1034 333 1142 377 soclus

299 447 435 511 confiniis
449 448 716 527 circumscriptam.
732 446 932 511 Nihilominus
945 446 976 508 id
990 462 1007 509 a
1023 445 1135 509 viribus
1149 451 1273 507 naturae
1288 440 1485 521 sperandum

299 560 355 608 non
374 553 453 620 erat;
468 555 530 608 tum
554 554 673 625 propter
687 554 806 609 mutuas
828 545 993 608 simultates
1007 551 1060 606 aut
1080 543 1264 621 suspiciones
1281 540 1483 619 populorum,

299 649 363 704 turn
378 653 496 721 propter
509 644 712 707 diversitatem
726 644 906 722 opinionum,
917 644 947 705 in
961 658 1034 719 quas
1047 642 1134 705 lacile
1149 649 1260 703 mentes
1278 639 1483 712 scinduntur,

299 740 323 802 si
344 740 463 819 proprio
493 750 588 805 marte
620 741 774 805 veritatem
806 742 927 805 delinire
953 741 1074 817 debent;
1096 747 1159 802 tum
1190 738 1316 817 denique
1348 744 1484 815 propter

299 838 524 921 aemulationem
538 840 656 919 gerendi
672 854 841 918 supremam
857 840 1074 912 auctoritatem,
1087 838 1172 901 cuius
1186 835 1359 899 exercitium
1377 850 1485 913 quae·

299 952 357 1015 que
377 952 448 1015 gens
469 937 526 999 sibi
546 936 714 1000 adsciscere
736 936 887 1000 voluisset.
909 935 960 1010 At,
981 936 1185 1014 quodmatura
1207 933 1264 996 sibi
1286 932 1388 995 relicta
1418 948 1485 995 non

299 1041 425 1111 poterat,
444 1034 556 1096 tactum
576 1045 623 1097 cst
645 1035 745 1098 divino
766 1035 943 1109 interventu,
963 1041 992 1097 et
1016 1034 1160 1113 praesidio
1187 1031 1322 1094 caelestis
1343 1031 1482 1109 gratiae,

299 1144 375 1209 quae
388 1131 534 1193 eiusmodi
556 1132 763 1211 impedimenta
783 1133 930 1196 demedio
952 1132 1083 1194 sustulit.
1099 1129 1175 1194 Nam
1198 1129 1287 1193 corda
1301 1128 1479 1201 bominum,

300 1236 462 1306 utcumque
475 1228 657 1305 dissitornm,
672 1229 752 1295 Deus
771 1231 802 1294 in
817 1229 950 1294 Ecclesia
973 1228 1188 1308 supernaturali
1202 1227 1325 1289 caritate
1345 1226 1481 1289 coniun-

299 1326 359 1398 xit3
379 1331 441 1389 tum
464 1326 603 1389 veritates
622 1328 784 1392 credendas
805 1328 921 1406 propria
947 1329 1121 1391 auctoritate
1142 1325 1319 1398 obfirmavit,
1338 1341 1375 1387 ac
1395 1326 1482 1388 deii·

299 1422 422 1487 niendas
452 1430 482 1487 et
501 1424 691 1504 explicandas
719 1426 869 1489 commisit
894 1424 1044 1489 Pontilicis
1067 1432 1098 1487 et
1121 1422 1316 1487 Conciliomm
1338 1424 1478 1496 oraculo,

299 1517 445 1584 infallibili
466 1530 584 1599 propter
604 1538 690 1584 suam
705 1522 748 1585 illi
763 1524 934 1601 praestitam
948 1520 1182 1599 assistentium,·
1202 1520 1328 1599 deniqne
1342 1522 1477 1583 sormam

299 1616 451 1695 regiminis
473 1634 525 1696 per
556 1635 588 1681 sc
609 1619 827 1695 determinavit,
850 1619 1055 1699 Apostolorum
1079 1618 1300 1681 successoribus
1322 1624 1478 1695 potestate

299 1716 419 1778 tributa.
435 1714 513 1781 Hinc
532 1720 652 1781 emersit
677 1727 710 1781 nt
729 1718 864 1783 Ecclesia
889 1716 1062 1781 universalis
1083 1725 1113 1779 et
1135 1732 1202 1789 una,
1218 1716 1472 1794 quemadmodum

298 1813 447 1892 exemplar
461 1816 610 1878 societatis
625 1816 776 1895 religiosae
789 1817 935 1895 exigebat,
950 1831 1053 1894 reapse
1067 1813 1245 1887 constiterit;
1267 1828 1390 1892 eamque
1413 1830 1473 1875 un·

299 1910 440 1989 deviginti
454 1912 637 1976 saeculorum
651 1916 749 1993 spatio
769 1915 912 1977 adversus
925 1914 1095 1992 omnigenos
1109 1912 1240 1974 bostium
1257 1910 1383 1987 impetus
1396 1925 1468 1987 per·

299 2015 464 2071 manentem
485 2017 516 2071 ct
536 2010 687 2074 victricem
708 2012 899 2075 admiramur.

342 2101 409 2168 111.
424 2102 625 2191 organismos
646 2106 822 2176 Ecclesiae.
845 2108 885 2175 Ut
905 2111 1041 2188 organica
1063 2108 1215 2173 Ecclesiae
1239 2114 1385 2171 structura
1404 2106 1468 2169 rite

299 2202 490 2283 intelligatur
508 2205 644 2268 nonnulla
665 2207 812 2270 distinctis
832 2208 964 2270 numeris
984 2208 1148 2271 innuemus.

379 2300 400 2365 l.
416 2299 655 2366 Fundamentalis
675 2306 848 2367 constitutio
868 2302 1019 2393 Ecclesiae
1041 2304 1223 2399 adbristo
1178 2320 1280 2415 ipso
1299 2302 1473 2367 immediate

298 2384 647 2484 11111111;””“1”111111111
658 2389 738 2465 nulli
751 2376 1081 2467 1111111111111111
1088 2379 1273 2477 subiicitur,
1279 2401 1472 2466 materiem

298 2496 435 2576 quopiam
450 2499 514 2564 iure
534 2500 713 2564 commutari
726 2509 778 2563 aut
799 2501 829 2562 in
849 2501 936 2563 aliam
958 2502 1088 2565 converti
1110 2508 1215 2580 potest.
1231 2499 1305 2565 Tota
1326 2501 1473 2563 1111111-

299 2597 495 2673 pernaturalis
514 2606 569 2673 est,
585 2614 678 2677 neque
699 2598 759 2661 nlla
780 2599 893 2662 ratione
914 2600 951 2662 ab
973 2602 1101 2662 bumana
1123 2599 1273 2663 voluntate
1292 2599 1471 2677 dependens.

298 2692 432 2758 Proiecto
446 2696 568 2774 quaevis
587 2696 705 2759 socialis
719 2697 864 2759 ordinatio
885 2712 940 2759 non
955 2698 1012 2759 alio
1033 2697 1096 2759 inre
1110 2696 1189 2758 demi
1207 2702 1371 2774 potestant
1385 2696 1472 2759 aliter
1488 2736 1491 2744 «

298 2791 484 2867 1111111111,
501 2793 557 2855 1111
577 2809 612 2857 11
627 2810 718 2873 aquo
738 2793 880 2873 originem
901 2793 995 2857 duxit.
1011 2793 1084 2857 Cum
1100 2794 1194 2873 igitur
1208 2793 1361 2857 Ecclesiae
1377 2796 1473 2859 torma

299 2904 321 2950 a,
337 2888 400 2951 sola
421 2888 535 2952 Gbristi
555 2893 730 2954 auctoritate
752 2894 941 2970 processerit;
955 2892 1133 2954 immutabili
1154 2892 1321 2955 conditione
1344 2901 1470 2970 constat,

299 2998 335 3046 ac
356 2984 425 3046 talis
439 2988 583 3051 servanda
604 2990 718 3068 iugitur
737 2999 794 3062 est,
808 2988 927 3067 qualem
946 3003 1010 3050 eam
1026 2986 1165 3051 Christus
1186 2998 1328 3069 perpetuo
1348 2990 1471 3053 duratu-

299 3098 365 3144 ram
386 3082 487 3147 voluit.

380 3178 417 3243 ll.
438 3180 600 3257 Ecclesiae
621 3192 709 3262 prout
729 3200 838 3262 corpus
859 3184 967 3247 sociale
987 3191 1043 3257 est,
1063 3184 1138 3246 duae
1160 3192 1228 3246 sunt
1250 3192 1456 3283 partes:
1394 3186 1471 3249 mul·

299 3278 395 3359 titudo
415 3278 546 3341 fidelium
549 3296 675 3358 nempe
696 3282 854 3355 sociorum
868 3281 919 3359 qui
940 3281 997 3344 lide
1011 3282 1131 3345 adducti
1152 3282 1195 3343 illi
1216 3282 1288 3345 dant
1310 3300 1427 3359 nomen
1442 3294 1472 3351 11

299 3376 432 3454 legitima
453 3384 585 3455 potestas
605 3390 657 3440 sen
678 3396 760 3443 sacer
782 3379 984 3457 magistratus,
1005 3381 1056 3459 qui
1078 3380 1298 3443 multitudinem
1324 3384 1473 3461 gubernat

298 3490 334 3536 ac
348 3474 443 3553 regit:
465 3475 544 3553 quod
558 3491 628 3538 saue
642 3491 678 3539 cx
697 3478 763 3555 ipsa
784 3476 901 3541 notione
922 3476 1072 3541 societatis
1093 3478 1227 3557 emergit,
1240 3492 1329 3556 quae,
1349 3486 1382 3541 ut
1398 3479 1471 3543 alias

299 3573 440 3647 diximus,
454 3575 569 3637 duobus
590 3574 673 3637 bisce
687 3574 838 3638 elementis
859 3583 963 3639 natura
980 3592 1032 3638 sua
1048 3583 1172 3639 constat.
1189 3573 1288 3638 Prima
1307 3592 1381 3654 pars
1396 3575 1473 3641 111·-

299 3687 406 3732 corum
426 3672 540 3736 nomine
560 3673 762 3751 distinguitur,
776 3671 868 3736 altera
895 3671 1093 3736 clericorem.

378 3766 429 3833 lll.
444 3768 651 3832 Ecclesiastica
673 3777 801 3847 potestas
822 3770 929 3849 duplex
943 3779 1002 3833 est:
1023 3766 1151 3832 Ordinis
1172 3776 1202 3831 et
1216 3769 1469 3859 iurisdictionis·

299 3881 424 3942 quarum
440 3867 534 3944 prima
549 3866 585 3929 ad
607 3867 783 3930 oblationem
804 3868 953 3941 sacrificii,
967 3873 996 3929 et
1012 3850 1220 3931 coniectionem
1236 3868 1472 3934 administratio-

301 3976 424 4038 nemqne
444 3971 694 4027 sacramentorum
715 3966 853 4039 reiertuv;
868 3964 960 4027 altera
981 3965 1019 4027 ad
1040 3965 1181 4043 regendos
1204 3966 1471 4076 gubernandosqne

302 4055 412 4136 fideles,
425 4063 521 4137 quoad
542 4063 637 4125 lorum
661 4069 722 4128 tum
742 4064 890 4125 internum
913 4071 975 4123 tum
996 4069 1157 4125 externum.
1174 4054 1213 4125 Et
1235 4064 1311 4126 ratio
1331 4072 1378 4126 est
1400 4058 1472 4143 quia

301 4151 340 4213 ad
361 4157 622 4222 sanctificationem
641 4160 819 4232 animarum,
831 4159 882 4239 qui
907 4158 1057 4237 proximus
1078 4160 1145 4221 finis
1165 4156 1318 4224 Ecclesiae
1338 4168 1472 4239 estnon

302 4247 396 4311 solum
418 4254 577 4329 requiritur
593 4254 710 4375 pratia,
731 4272 809 4334 quae
828 4272 880 4335 per
906 4264 1089 4320 sacramenta
1109 4258 1277 4332 conlartur;
1298 4258 1353 4331 sed
1377 4258 1471 4331 ctiam
