3159 4934
289 282 345 340 296
612 299 654 341 ros
672 298 798 341 nemean
815 316 824 325 -
844 297 912 340 nans
930 298 955 339 u.
975 298 1016 340 ros
1033 296 1140 339 socutn

288 411 395 475 sitione
414 411 599 489 particulare,
615 409 722 488 perche
742 425 814 474 sono
835 412 904 473 tutti
927 410 957 473 di
978 410 1022 474 lor
1043 417 1148 473 nutura
1169 412 1335 489 omegenei;
1357 426 1374 474 e
1396 408 1458 475 cosl

287 511 424 573 ciascuno
446 508 470 569 si
491 510 584 572 atoma
605 508 635 571 di
655 508 843 571 sormchiare
863 508 899 571 ed
920 509 1086 587 opprimere
1106 508 1218 573 l'altro.
1234 506 1278 571 lla
1303 504 1349 571 eid
1370 524 1459 571 nasce

250 663 253 667 ,
288 622 345 678 una
363 606 436 669 lntta
452 605 483 668 di
502 606 682 671 discutione
696 606 856 685 reciproca,
869 608 924 669 elne
947 607 1072 669 termina
1087 606 1163 669 nella
1185 606 1355 684 prevalente
1370 605 1400 668 di
1420 622 1458 667 un

286 704 349 767 solo
370 703 512 768 elemento
533 704 592 784 (del
611 704 753 784 consiglio
773 705 821 768 dei
842 700 974 785 500,oe1
996 704 1162 779 dircttorio,
1174 703 1248 783 ecc.)
1262 702 1314 783 (l).
1326 726 1345 761 »

739 963 908 1029 Anmcucns
936 918 1003 1027 llll.

530 1094 580 1159 De
598 1096 820 1175 imperantium
840 1116 877 1160 ac
897 1094 1091 1160 subditorum
1114 1094 1234 1177 officiis.

328 1289 393 1355 llll.
410 1290 639 1377 Argumentum.
661 1291 793 1357 Societas
808 1308 962 1371 personam
977 1292 1138 1373 quamdam
1154 1292 1304 1366 moralem,
1320 1300 1354 1354 ut
1368 1307 1457 1370 saepe

284 1390 423 1486 diximus,
444 1407 544 1455 revera
573 1392 740 1454 constituit:
771 1398 860 1471 atque
889 1391 1008 1470 proinde
1035 1406 1092 1455 non
1122 1392 1220 1453 minus
1247 1405 1338 1469 quam
1366 1392 1457 1453 homo
1570 1464 1571 1485 ἢ

284 1488 455 1551 individuus
475 1490 591 1552 iuribus
611 1498 734 1555 ornatur
754 1499 783 1553 et
803 1490 910 1555 officiis
931 1490 1105 1553 devincitur.
1122 1487 1161 1552 Et
1181 1489 1319 1568 quoniam
1339 1486 1458 1551 relatio
1570 1494 1571 1529 ³

284 1603 343 1665 nes,
364 1588 473 1667 quibus
502 1590 640 1668 afficitur,
660 1604 726 1652 esse
752 1596 878 1667 possunt
899 1588 944 1650 rel
971 1588 1103 1651 internae
1124 1586 1170 1651 vel
1199 1594 1346 1662 externae,
1369 1594 1457 1664 prout
1571 1650 1572 1673 χ

284 1684 351 1748 illae
372 1686 594 1748 considerantur
608 1694 660 1749 aut
682 1693 817 1764 respectu
840 1687 977 1766 partium,
993 1686 1103 1765 quibus
1117 1686 1243 1749 societas
1262 1692 1389 1757 constat,
1404 1692 1456 1745 aut

284 1788 421 1861 respectu
442 1782 568 1846 aliarum
588 1785 762 1846 societatum
782 1785 821 1845 ab
841 1799 875 1846 ea
896 1784 1169 1862 independentium;
1191 1783 1270 1845 idem
1293 1783 1329 1845 de
1349 1782 1456 1845 officiis

284 1890 315 1942 et
334 1880 448 1942 iuribus
478 1881 632 1943 dicendum
660 1889 713 1944 est.
735 1877 840 1943 Officia
862 1890 893 1944 et
923 1884 997 1955 iura,
1019 1898 1096 1971 quae
1117 1882 1253 1945 societati
1284 1887 1455 1958 competunt
1571 1884 1572 1895 ¹

283 1987 418 2057 respectu
432 1979 557 2043 aliarum
572 1980 755 2055 societatum,
769 1982 799 2043 in
815 1980 901 2045 tertia
918 1988 999 2059 parte
1014 1982 1103 2044 huius
1117 1980 1215 2059 operis
1233 1980 1451 2050 tractabuntur;

184 2120 186 2123 ι
283 2077 334 2139 hic
354 2076 391 2140 de
405 2077 512 2140 officiis
531 2087 562 2141 et
580 2069 696 2141 iuribus
716 2079 839 2143 internis
860 2079 1042 2159 disserimus,
1056 2094 1132 2158 quae
1153 2080 1230 2141 inter
1251 2079 1332 2155 ipsas
1353 2080 1453 2153 partes

283 2176 477 2251 intercedunt,
497 2192 534 2240 ex
554 2177 663 2256 quibus
684 2182 810 2242 societas
830 2179 978 2243 coalescit.
1002 2176 1064 2241 lam
1085 2193 1155 2241 vero
1176 2176 1320 2239 eiusmodi
1344 2182 1454 2252 partes,

283 2275 444 2353 generatim
473 2275 525 2338 sed
546 2285 681 2340 concrete
708 2285 857 2355 acceptae,
878 2278 915 2339 ad
943 2277 1018 2339 duas
1039 2283 1223 2349 revocantur,
1244 2274 1384 2335 nimirum
1415 2271 1454 2333 ad
1572 2330 1573 2333 ,

284 2372 418 2436 subditos
446 2382 475 2436 et
502 2376 691 2454 imperantes,
712 2383 799 2453 prout
827 2375 872 2439 rel
897 2390 1053 2453 supremae
1082 2374 1221 2451 potestati
1249 2374 1385 2445 subsunt,
1409 2369 1454 2433 rel

275 2469 362 2532 illam
395 2481 541 2535 exercent.
563 2471 607 2536 De
627 2474 738 2536 mutuis
767 2475 874 2536 harum
896 2473 1000 2536 officiis
1022 2480 1052 2535 et
1072 2472 1188 2533 iuribus
1217 2468 1310 2532 multa
1332 2468 1452 2547 quidem

282 2569 446 2631 continente
459 2567 535 2633 libro
554 2571 700 2649 explicata
721 2572 780 2633 iam
803 2577 900 2633 sunta
916 2570 1016 2645 nobis;
1030 2568 1220 2632 nihilominus
1237 2566 1375 2631 nonnulla
1392 2566 1451 2639 hic,

283 2674 433 2744 umquam
451 2668 568 2746 proprio
580 2669 655 2743 loco,
669 2670 827 2748 separatim
842 2668 952 2746 duplici
968 2668 1155 2747 paragrapho
1170 2667 1374 2744 adiungemus.
1389 2662 1450 2729 llos

280 2771 379 2826 tamen
399 2763 437 2827 da
457 2762 567 2845 officiis
589 2773 702 2828 tantum
723 2767 928 2829 inscribimus:
950 2774 1012 2829 tum
1034 2766 1102 2845 quia
1124 2764 1223 2828 officia
1243 2772 1274 2825 et
1294 2763 1358 2825 iura
1386 2778 1450 2825 cor·

280 2860 402 2925 relativa
418 2870 598 2942 sentitque
619 2863 684 2926 ideo
698 2864 768 2925 dnm
782 2864 832 2926 illa
854 2870 1028 2937 tractantur,
1043 2864 1079 2926 de
1100 2863 1150 2926 his
1169 2862 1259 2925 etiam
1275 2858 1449 2931 disseritur;

190 2948 193 2955 ’
283 2966 347 3021 turn
367 2962 437 3038 quia
457 2961 546 3025 homo
566 2961 651 3025 valde
672 2962 783 3041 indiget
805 2969 837 3025 ut
857 2962 952 3025 oliicia
973 2962 1070 3041 magis
1091 2977 1180 3041 quam
1203 2961 1268 3022 iura
1289 2958 1349 3038 ipsi
1371 2973 1451 3023 com·

283 3067 489 3121 memorentur.

837 3242 853 3317 5¹
872 3238 894 3303 1.

700 3371 749 3436 De
768 3370 962 3436 sudditorum
982 3370 1107 3454 officiis.
1213 3370 1218 3380 ’

323 3544 389 3610 102.
410 3544 519 3615 (illicia
540 3545 618 3616 ciris
639 3565 717 3634 erga
737 3547 818 3616 alins
845 3547 942 3618 cives.
971 3548 1113 3625 Quamvis
1137 3550 1324 3613 subditorum
1353 3548 1450 3613 officia

280 3652 416 3721 respectu
447 3648 630 3710 auctoritatis
662 3649 845 3727 potissimum
878 3656 1062 3726 spectamus
1083 3656 1181 3711 tamen
1214 3647 1325 3726 aliquid
1348 3649 1447 3719 etiam,

279 3742 369 3805 veluti
390 3760 443 3822 per
464 3751 660 3820 transennam,
673 3747 823 3809 innuimus
843 3748 879 3809 de
899 3742 1136 3825 officiis,quibus
1157 3742 1229 3809 socii
1251 3747 1327 3809 inter
1341 3762 1384 3820 sc,
1399 3752 1448 3807 ant

278 3856 348 3918 erga
370 3850 463 3905 totam
484 3844 654 3907 societatem
677 3842 931 3907 tenentur.Homo
951 3844 1085 3919 enimin
1107 3846 1247 3908 societate
1268 3845 1448 3907 constitutus

279 3937 317 3997 ad
338 3940 482 4018 triplicem
505 3943 660 4004 terminum
683 3943 783 4029 reterri
806 3948 917 4020 potest:
932 3942 970 4003 ad
992 3942 1124 4021 singulos
1146 3943 1226 4006 cives
1248 3958 1382 4008 seorsum
1397 3956 1448 4005 ac·

278 4042 387 4111 coptos,
407 4035 445 4099 ad
466 4046 558 4103 totam
578 4039 750 4104 societatem
770 4046 915 4119 quatenus
936 4056 1027 4102 unum
1048 4056 1157 4119 corpus
1178 4049 1234 4115 est,
1255 4041 1293 4104 ad
1319 4040 1451 4104 auctori·

278 4140 369 4195 tatem
389 4150 464 4212 quae
486 4137 701 4201 multitudinem
723 4139 892 4203 moderatur
913 4147 941 4202 et
962 4140 1048 4223 regit.
1089 4154 1097 4175 r

325 4302 360 4363 (1)
377 4303 467 4353 Storr‘u
482 4306 555 4354 delia
571 4307 651 4356 Filos.
667 4307 711 4355 del
726 4308 837 4361 Diritto,
854 4307 895 4356 lib.
910 4306 954 4365 IV,
970 4323 1021 4357 seu.
1037 4307 1056 4357 1.
