3159 4934
390 291 475 335 33333
494 292 514 335 1.,
524 293 558 335 oa
574 291 638 335 1333
656 293 688 334 33
706 291 806 333 3331313
826 292 980 335 3333333131
1225 278 1276 335 til

101 412 161 473 1333
181 402 365 485 impossibile
393 410 438 465 est
462 403 581 467 11313113
605 404 791 479 exercitium,
811 406 874 469 3133
901 405 1043 470 societate
1070 404 1277 470 nonnullorum

103 506 259 573 malorum.
281 503 386 568 Restat
407 504 499 582 igitur
524 511 656 567 extrema
683 512 713 567 31
733 506 835 583 gravis
858 507 1035 579 necessitas3
1060 520 1136 583 quae
1156 503 1275 583 quidem

103 604 217 683 pondus
239 603 349 665 habent
362 601 442 680 apud
464 601 637 679 prudentem
656 618 803 682 quemque
824 611 854 665 31
869 602 986 675 bonum,
1000 609 1090 681 atque
1109 601 1175 664 ideo
1188 617 1278 663 excu-

103 718 169 765 sare
189 700 367 781 quandoque
387 698 424 761 ab
445 698 545 762 officio
567 708 698 777 possunt,
719 699 835 779 quoties
855 700 886 763 id
907 710 1012 763 natura
1035 700 1163 777 patiatur
1177 698 1277 775 officii,

102 800 185 879 quod
204 800 235 861 in
256 797 414 861 discrimen
429 798 598 861 adducitur.
612 796 647 861 id
667 799 758 877 igitur
772 799 889 878 quando
904 799 1035 863 obtineat
1049 798 1207 861 videndum
1221 805 1277 859 est.

89 954 96 961 .
142 893 361 978 1303311333
373 910 413 960 ax
425 890 535 962 31113113
553 891 665 979 petitur
677 894 863 980 quandoque
879 893 1124 963 excusationem.
1136 892 1276 959 Officium

102 995 223 1075 proprie
236 999 400 1072 acceptum,
411 992 491 1072 quod
504 1008 600 1055 veram
616 993 824 1071 obligationem
839 996 990 1071 importat,
1005 1001 1038 1056 ut
1050 993 1177 1072 quisquc
1189 992 1278 1066 videt,

99 1108 169 1157 csse
190 1098 286 1170 potest
313 1098 364 1153 aut
391 1089 564 1167 essentiale,
587 1098 639 1153 aut
671 1088 885 1153 advectitiam.
907 1087 1046 1154 Officium
1072 1087 1228 1152 essentiale
1247 1091 1277 1151 in

102 1188 279 1253 necessariis
300 1203 398 1251 rerum
420 1187 612 1250 relationibus
632 1189 801 1268 tundantur,
817 1196 937 1267 atquea
954 1188 1016 1266 lege
1037 1186 1164 1250 naturali
1185 1187 1278 1265 impo-

101 1290 183 1351 nitur
206 1302 256 1365 per
281 1287 395 1349 iussum
417 1292 469 1347 aut
497 1284 731 1363 prohibitionem.
756 1283 789 1349 Si
812 1286 1009 1363 proficiscitur
1027 1302 1044 1347 3
1065 1284 1129 1363 lege
1150 1282 1278 1347 naturali

102 1385 215 1465 aliquid
228 1384 358 1457 iubente,
372 1383 481 1445 dicitur
495 1380 743 1462 affirmativum
758 1385 784 1446 si
799 1392 930 1447 autema
945 1384 1009 1463 lege
1023 1382 1150 1446 naturali
1165 1381 1278 1461 aliquid

102 1481 356 1555 331331311131133
377 1477 716 1558 33331133313133333
733 1498 749 1544 a
771 1483 908 1561 negativo
929 1482 1026 1545 officio
1040 1481 1183 1545 servando
1198 1479 1278 1542 nulla

102 1580 277 1653 necessitas,
298 1584 458 1657 utcumque
478 1584 622 1652 extrema,
635 1594 778 1641 excusare
799 1587 903 1657 potest.
926 1578 1012 1655 Quod
1032 1580 1110 1641 enirn
1131 1578 1279 1654 1333313

103 1678 285 1751 3311313131,
306 1673 417 1739 malum
439 1675 549 1739 morale
571 1692 622 1755 per
643 1692 675 1739 33
695 1686 753 1752 331;
776 1678 867 1755 idque
888 1694 1038 1757 nunquam
1060 1687 1178 1758 patrare
1199 1675 1279 1748 licet,

103 1776 312 1857 quodcumque
325 1772 437 1837 malurn
453 1774 612 1837 immineat.
629 1773 693 1838 Nec
713 1792 781 1839 vero
796 1776 875 1839 ullae
890 1776 1130 1840 circumstantiae
1144 1772 1278 1837 accidere

106 1881 238 1955 possunt,
260 1886 335 1951 quae
355 1882 490 1933 naturam
513 1888 612 1935 rerum
627 1873 784 1936 immutent
804 1883 834 1937 31
855 1874 973 1938 licitum
995 1874 1119 1936 reddant
1139 1872 1279 1951 3331133-

103 1972 198 2036 sentia
218 1985 272 2031 sua
292 1976 379 2046 turpe
404 1976 433 2031 ct
454 1969 624 2033 indecorum
648 1979 701 2033 est.
724 1967 808 2035 Unde
833 1974 891 2035 hac
911 1972 941 2034 in
964 1988 995 2034 33
1018 1972 1066 2034 133
1091 1970 1278 2035 necessitatis

101 2068 290 2133 1133311331
311 2067 418 2139 habet;
440 2082 475 2129 ac
497 2067 559 2129 sioe
580 2070 778 2132 controversia
801 2069 879 2148 quod
901 2088 918 2132 a
939 2070 1052 2134 13311113
1073 2080 1103 2131 31
1124 2072 1277 2133 honestate
1308 2051 1315 2079 '

102 2167 216 2240 delicit,
244 2164 326 2227 reiici
355 2172 522 2228 constanter
550 2164 647 2239 debet,
670 2182 874 2246 quaecumque
909 2168 969 2229 sint
993 2167 1172 2231 consectaria
1201 2181 1278 2245 quae

101 2267 254 2337 timentur,
275 2271 328 2325 aut
350 2262 446 2325 minae
466 2263 619 2325 hominurn
641 2279 731 2342 prava
753 2264 927 2328 iubentium.
949 2265 1091 2343 Apposite
1115 2263 1277 2327 luvenalis:
1348 2336 1352 2343 ¹

322 2449 328 2462 .
348 2448 353 2459 .
370 2448 378 2462 .
396 2412 539 2475 Ambiguae
556 2412 576 2461 si
594 2413 694 2475 quando
711 2412 822 2463 citabere
838 2415 910 2464 testis

323 2492 488 2555 Incertaeque
504 2492 549 2549 rei,
564 2492 680 2542 Phalaris
696 2492 753 2542 11331
769 2495 875 2558 imper-et
890 2502 920 2543 ut
935 2495 971 2543 eie

321 2570 422 2630 Falsus,
438 2580 464 2621 et
480 2572 584 2622 admoto
599 2572 686 2623 iubeat
701 2572 814 2637 periuria
830 2582 921 2634 tauro;

322 2653 456 2703 Summum
473 2652 548 2701 crede
565 2653 637 2701 33133
654 2653 766 2702 animam
782 2656 912 2717 praeferre
929 2654 1026 2719 pudori,

320 2732 353 2782 tta
368 2738 475 2797 propter
491 2731 569 2781 vitam
587 2732 684 2782 vivendi
702 2734 810 2795 perdere
826 2748 932 2783 causam
949 2734 992 2795 (1).

142 2870 176 2935 13
196 2872 254 2933 1333
274 2884 361 2931 sensu
382 2866 552 2930 dicisolet:
574 2863 654 2929 Fici
675 2866 799 2930 iustitia
818 2870 983 2949 adpareat,
1004 2866 1159 2945 31333133·
1181 2868 1276 2932 idest:

98 2968 273 3048 Numquam
298 2966 377 3046 quod
403 2966 537 3044 iniquum
563 2974 610 3028 est
631 2972 773 3043 patretur,
795 2967 912 3029 etiarnsi
938 2974 1019 3031 totus
1047 2967 1174 3029 mundus
1195 2966 1276 3045 peri·

99 3069 232 3133 clitetur.

142 3163 228 3238 Quod
250 3165 275 3225 si
297 3162 425 3226 odicium
447 3162 486 3224 sit
506 3162 726 3233 affirmativum,
741 3178 794 3223 seu
816 3162 843 3223 31
863 3161 958 3241 alege
978 3163 1101 3235 oriatur,
1122 3178 1197 3241 quae
1218 3177 1275 3224 333

101 3262 292 3327 omissionem
313 3260 478 3339 flagitiosae
492 3260 626 3333 actionis,
641 3260 692 3322 sed
708 3260 883 3337 positionem
898 3260 1024 3323 actionis
1040 3262 1179 3323 honestae
1193 3274 1278 3336 prae·

101 3362 210 3438 313133
226 3368 296 3421 1333
317 3356 460 3420 beneficio
480 3356 669 3419 necessitatis
690 3357 733 3418 uti
754 3358 843 3421 horno
864 3366 1021 3435 potestat
1041 3357 1079 3419 ab
1100 3356 1277 3435 obligatione

101 3458 252 3531 liberetur,
276 3464 328 3518 aut
350 3455 382 3515 13
404 3462 521 3530 tempus
541 3454 622 3518 aliud
643 3455 787 3518 actionem
809 3454 935 3518 (11113331.
958 3453 1034 3518 Naro
1059 3454 1274 3532 praetermissio

99 3553 228 3617 actionis
245 3553 387 3616 honestae
408 3551 484 3614 mala
507 3568 563 3615 oon
584 3559 637 3629 eet,
652 3552 708 3613 3131
721 3552 838 3630 quando
858 3568 923 3615 eam
944 3561 1014 3615 actu
1034 3541 1170 3615 31333333
1184 3552 1275 3615 bomo
1336 3564 1339 3571 ·

100 3659 228 3716 tenetur.
243 3648 305 3713 Lex
327 3656 426 3712 autem
449 3650 572 3727 positiva
594 3650 676 3713 iubet
691 3658 724 3711 ut
738 3666 785 3713 res
799 3652 862 3724 fiat,
876 3656 908 3711 31
922 3667 977 3714 333
999 3666 1124 3727 semper,
1138 3649 1190 3711 sed
1205 3634 1289 3712 cum'

100 3750 222 3815 occasio
235 3756 402 3827 opportuna
418 3763 450 3809 se
464 3747 550 3810 offert
563 3753 593 3810 31
607 3762 769 3825 congruum
784 3756 909 3826 tempus.
925 3745 1031 3824 Quare,
1047 3748 1105 3809 nisi
1120 3747 1277 3825 pecoliaris

98 3846 247 3928 quaedam
274 3845 501 3909 circumstantia
529 3853 644 3923 tempus
665 3844 799 3920 illudio
820 3861 878 3924 quo
904 3846 1064 3909 necessitas
1091 3844 1276 3920 contradicit,

97 3943 234 4009 absolute
255 3942 443 4018 determioct;
467 3942 556 4006 officii
578 3943 718 4022 implendi
739 3942 879 4022 obligatio
899 3944 938 4005 ad
957 3944 1153 4007 exercendum
1173 3952 1274 4007 actutu

98 4053 174 4106 tunc
188 4057 244 4105 333
259 4041 361 4121 adigit.
376 4038 421 4104 Ea
441 4040 532 4118 igitur
545 4040 714 4117 hypothesi,
728 4040 927 4103 consentiente
944 4040 1065 4116 ratione,
1080 4049 1162 4120 patet
1175 4042 1222 4105 via
1237 4043 1276 4106 ad

150 4253 184 4317 (1)
203 4254 384 4317 Satyrorum,
404 4254 469 4303 VIII.
