3159 4934
326 345 412 386 carun
429 346 445 386 r.
465 346 500 387 nn
517 345 632 388 caunum
651 346 841 389 anunrvonmus
859 346 887 389 nr
906 346 988 389 srnru
1007 346 1082 389 naurs
1232 330 1284 391 eta

113 467 193 542 iura,
208 466 404 544 proprietates
424 482 460 529 ac
474 467 599 531 ditiones
617 468 709 546 ipsas,
730 476 833 533 contra
848 469 964 533 divinas
978 470 1182 547 humanasque
1196 469 1285 549 leges,

114 563 226 625 sanciri
247 563 382 626 videatur
403 563 455 644 (l).
470 587 489 622 »
508 564 666 630 Damnatio
685 566 764 630 illius
786 568 851 629 falsi
874 568 1009 647 principii
1030 570 1221 647 postmodum
1242 568 1287 630 in·

115 669 198 724 serta
219 669 265 724 est
284 659 413 743 Syllaba
433 665 632 742 propositione
645 663 744 729 nxll.

157 756 289 837 Itemque
310 760 337 822 si
358 760 483 823 finitima
507 762 587 824 natio
613 763 692 825 fame
711 771 764 826 aut
788 763 954 840 pestilentia
975 772 1028 827 aut
1048 765 1116 827 aliis
1136 765 1287 827 aerumnis

114 854 245 929 laborat;
262 864 398 920 tenentur
418 858 501 940 aliae,
515 861 613 939 quoad
633 867 765 938 possunt,
779 861 926 933 auxiliari,
941 862 1083 925 adhibitis
1098 862 1287 925 cautionibus

117 968 158 1015 ne
177 953 254 1017 idem
274 964 326 1017 aut
347 956 499 1019 consimile
518 957 629 1019 malum
651 958 808 1021 offendant.
830 956 977 1021 Praecisis
999 968 1096 1021 autem
1112 960 1196 1023 bisce
1210 959 1289 1037 peri·

117 1050 206 1125 culis,
227 1054 322 1116 obicio
344 1069 462 1132 semper
481 1070 615 1134 quaeque
631 1056 757 1119 societas
772 1056 966 1135 adstringitur
981 1057 1147 1120 conferendi
1167 1072 1287 1136 operam

116 1148 157 1211 ad
178 1157 343 1213 ceterarum
365 1152 496 1230 gentium
517 1152 643 1215 salutem
664 1160 694 1216 et
718 1154 939 1230 prosperitatem
961 1161 991 1217 et
1013 1170 1124 1231 pacem.

158 1244 288 1312 Maxime
307 1264 378 1312 vero
392 1264 509 1314 neeesse
530 1258 576 1313 est
598 1258 630 1313 ut
652 1252 866 1329 perfectionem,
888 1268 965 1330 quae
986 1252 1116 1313 animum
1137 1257 1167 1314 et
1192 1267 1289 1315 mores

117 1345 251 1422 attingit,
268 1346 298 1409 in
312 1348 379 1410 aliis
393 1357 531 1427 augeant,
545 1350 607 1411 sive
621 1364 719 1426 opera,
734 1350 797 1411 sive
811 1348 954 1427 exemplo,
970 1349 1033 1412 sive
1047 1350 1136 1412 etiam
1152 1350 1289 1426 prudenti

115 1443 249 1506 consilio.
270 1442 346 1507 Tum
370 1454 402 1509 ut
422 1447 569 1509 amicitias
592 1454 746 1511 exerceant
767 1447 944 1523 reciprocam
970 1463 1023 1509 nec
1044 1448 1234 1509 committant
1254 1454 1287 1509 ut

116 1542 280 1621 sua'culpa
295 1558 353 1620 pax
368 1545 559 1621 defervescat,
575 1554 627 1607 aut
644 1545 756 1623 aliquid
776 1554 910 1623 patretur
924 1560 941 1605 a
957 1544 1054 1624 sociis,
1072 1544 1150 1623 quod
1168 1551 1287 1608 mutuae

116 1640 292 1703 concordiae
307 1642 426 1705 officiat.
441 1640 535 1706 lmmo
548 1658 618 1706 vero
632 1644 657 1705 si
672 1644 788 1722 quando
803 1643 930 1721 litigium
944 1642 1114 1715 intervenit;
1128 1642 1202 1705 illud
1216 1642 1289 1705 diri-
1325 1640 1328 1643 ’

115 1752 199 1800 mere
219 1740 355 1804 studeant
375 1740 490 1820 legibus
510 1742 610 1820 potius
634 1742 776 1821 aequitati
798 1748 828 1803 et
848 1740 1072 1819 benevolentiae,
1094 1757 1183 1819 quam
1206 1740 1290 1818 cupi·

115 1833 222 1897 ditatis
242 1846 296 1899 aut
308 1838 442 1901 ferociae.
464 1838 563 1917 Atque
578 1841 652 1902 baec
667 1839 838 1901 summatim
854 1839 985 1901 innuisse
998 1838 1070 1901 satis
1084 1846 1138 1912 est,
1153 1854 1220 1901 cum
1236 1854 1288 1915 per

115 1948 150 1995 se
172 1941 290 2009 pateant
310 1934 340 1996 in
363 1943 537 2015 promtuque
558 1936 618 1999 siut
638 1936 784 2000 omnibus.

159 2027 285 2093 Tantum
307 2034 494 2097 observatum
516 2034 653 2099 volumus
673 2034 821 2097 eiusmodi
841 2033 937 2097 officia
958 2034 1166 2097 beneticentiae
1187 2050 1288 2097 eorum

117 2142 242 2191 numero
263 2133 415 2207 contineri,
434 2148 511 2210 quae
531 2130 713 2211 imperfecto
726 2139 876 2205 vocantur,
895 2123 974 2211 quae
995 2132 1138 2207 postulari
1159 2132 1288 2210 quidem,

116 2233 151 2288 at
173 2226 204 2288 vi
223 2228 301 2306 exigi
322 2230 442 2293 minime
463 2237 595 2307 possunt.
617 2228 704 2302 Nam,
718 2230 797 2307 qnod
820 2230 970 2307 proprium
989 2237 1036 2291 est
1050 2228 1212 2292 officiorum
1234 2228 1290 2289 im-

117 2325 326 2401 perfectorum,
346 2326 377 2389 in
399 2327 437 2389 iis
458 2327 555 2391 locum
576 2328 678 2401 habet;
699 2326 839 2390 nimirum
861 2335 894 2388 ut
915 2326 1051 2405 denegari
1074 2326 1197 2403 possint,
1218 2326 1290 2403 quin

116 2422 235 2485 iustitia
250 2425 366 2502 proprie
380 2425 459 2489 dicta
474 2426 617 2490 laedatur.
631 2424 700 2489 Sola
714 2433 813 2488 numm
835 2425 910 2487 ratio
930 2422 1059 2485 iustitiae
1073 2422 1112 2484 ad
1127 2422 1186 2485 vim
1201 2422 1287 2485 adbi-

118 2520 247 2582 bendam
262 2522 365 2583 tribuit
379 2524 565 2597 facultatem;
577 2524 721 2601 siquidem
738 2532 807 2586 tunc
820 2523 975 2584 dumtaxat
989 2513 1046 2598 r'cs,
1058 2520 1094 2583 de
1105 2536 1162 2599 qua
1178 2520 1287 2599 agitur,

115 2616 161 2678 ad
181 2616 273 2680 alium
295 2619 438 2698 pertinere
458 2619 517 2685 dici
538 2629 643 2699 potest.
665 2619 821 2699 Excipitur
848 2635 936 2682 casus
963 2625 1113 2681 extremae
1135 2617 1182 2680 vel
1204 2618 1290 2695 quasi

114 2721 269 2778 extremae
293 2719 494 2792 necessitatis;
517 2719 547 2780 in
575 2731 643 2797 qua,
666 2718 854 2798 proportione
880 2724 1010 2791 servata,
1031 2714 1128 2778 valent
1149 2730 1194 2794 ea,
1214 2731 1291 2793 quae

118 2812 163 2875 de
181 2811 350 2877 bominibus
371 2816 572 2895 singularibus
592 2817 671 2880 dicta
693 2824 762 2878 sunt
782 2815 811 2877 in
832 2814 898 2879 lure
918 2800 1099 2877 individuali.

536 3014 814 3077 Aarrcuuus
846 3010 882 3075 ll.

578 3141 835 3209 Deeommcrea‘o.

161 3300 190 3367 8.
203 3299 317 3370 tientes
331 3301 371 3370 ad
386 3302 575 3371 commercia
590 3308 693 3371 mutuo
708 3302 888 3372 excreando
902 3301 1087 3372 inducuntur
1102 3301 1130 3369 vi
1146 3308 1290 3370 naturae.

116 3397 187 3463 Non
208 3401 294 3464 modo
311 3404 445 3479 propriae
466 3403 602 3465 utilitatis
621 3418 720 3477 causa,
735 3403 786 3465 sed
801 3403 891 3465 etiam
906 3411 1024 3482 propter
1042 3401 1195 3480 auxilium,
1210 3402 1288 3480 quod

117 3498 254 3561 nationes
277 3499 333 3561 sibi
354 3501 479 3563 invicem
500 3502 615 3574 debent,
630 3500 792 3563 luculenter
814 3503 949 3579 sequitur
964 3509 997 3562 ut
1013 3499 1188 3563 commercia
1214 3500 1291 3561 inter

117 3613 153 3659 se
172 3605 342 3671 exerceant;
355 3613 430 3675 quae
444 3599 605 3677 generatim
626 3599 655 3661 iu
677 3599 817 3673 emendis,
831 3598 1000 3671 vendendis,
1015 3605 1067 3658 aut
1089 3596 1290 3674 permutandis

119 3694 404 3757 rebus'necessariis
426 3695 471 3758 vel
491 3695 614 3759 utilibus
636 3697 731 3774 posita
752 3705 822 3758 sunt
837 3694 887 3776 (2).
909 3694 983 3760 Cum
1004 3696 1081 3757 enim
1107 3703 1213 3758 natura
1233 3710 1291 3759 non

169 3847 205 3909 (1)
222 3847 267 3897 SS.
279 3848 310 3897 D.
320 3848 350 3897 N.
362 3848 400 3896 Pii
418 3848 501 3897 diuina
516 3847 680 3897 Prouidentia
695 3848 783 3912 Papae
795 3849 838 3897 lx.
849 3848 974 3897 Allocutio
988 3847 1076 3897 habita
1091 3848 1116 3895 in
1132 3846 1293 3907 consistorio

115 3933 228 3986 secreto,
244 3928 283 3977 die
300 3928 406 3976 XXVIH
421 3928 576 3990 Septembris
592 3927 754 3977 Mbocctx.

166 4007 201 4069 (2)
217 4008 281 4058 Hinc
298 4017 405 4073 apparet
421 4009 574 4057 commercii
591 4009 720 4057 notionem
736 4008 818 4071 magis
829 4014 924 4071 patere,
937 4023 1013 4071 quam
1027 4006 1225 4071 nepotiata'onis.
1236 4005 1293 4054 mosi

115 4089 190 4140 enim
208 4090 313 4153 quaevis
323 4089 418 4151 emptio
428 4097 454 4137 et
465 4087 575 4137 venditio
586 4087 666 4137 soleat
677 4089 827 4151 improprie
841 4088 890 4136 dici
900 4088 1063 4149 nepotiatio;
1081 4094 1166 4136 tamen
1180 4085 1293 4149 proprie

121 4169 264 4231 negotiatio
279 4169 305 4216 in
322 4184 353 4217 ea
369 4169 495 4231 emptione
512 4176 612 4219 tantum
623 4173 649 4218 et
661 4168 804 4217 venditione
821 4169 945 4227 consistit,
956 4183 1007 4232 qua
1017 4184 1059 4219 res
1070 4178 1159 4232 emptu
1175 4170 1229 4217 siue
1241 4168 1293 4217 ulla

114 4234 322 4307 'suimutatione
332 4248 426 4297 carius
436 4249 571 4304 venditur,
582 4248 615 4298 ad
625 4247 722 4297 lucrum
733 4247 885 4298 faciendum.
901 4248 951 4298 Per
963 4263 990 4297 se
1001 4247 1069 4297 mala
1080 4263 1131 4297 non
1148 4255 1197 4310 ast3
1213 4250 1290 4297 immo

120 4330 147 4376 in
162 4328 275 4376 humana
286 4329 408 4377 societate
420 4334 460 4377 est
470 4342 575 4391 prorsus
587 4326 744 4388 necessaria3
755 4328 800 4377 sed
811 4326 883 4377 valde
894 4327 989 4391 indiget
1001 4334 1029 4377 ut
1039 4329 1181 4387 honestatis
1192 4328 1291 4392 legibus

120 4409 290 4473 gubernetur,
306 4424 337 4457 ue
353 4409 378 4457 in
395 4410 529 4458 avaritiam
546 4415 571 4457 et
587 4408 740 4473 quandoque
756 4409 834 4458 etiam
850 4410 998 4459 iniustitiam
1014 4410 1159 4474 degeneret.
