3159 4934
411 314 496 357 CAPUT
515 315 548 357 111,
567 276 710 357 ΒΕΙΝΟΒΜΑ
729 314 900 357 oruuartortls
917 315 1046 358 HUHANAE
1278 304 1310 360 91

143 430 182 492 ab
202 435 330 509 aeterno,
352 427 497 491 ordinatio
518 427 567 490 illa
589 428 695 491 mentis
715 435 745 490 et
761 427 929 503 uoluntatis,
949 428 1032 490 iuxta
1048 445 1137 507 quam
1160 436 1315 492 creaturae

146 527 278 607 singulae
299 527 337 589 ad
359 526 492 604 proprios
513 528 587 589 lines
609 526 787 605 diriguntur.
802 524 836 589 ld
857 542 926 589 vero
946 526 1063 589 nomine
1082 526 1157 605 legis
1178 536 1314 589 aeternae

145 625 340 703 significatur.
356 621 400 686 En
416 621 444 687 S.
460 621 600 687 Doctoris
615 624 716 687 verba:
738 644 757 679 e
771 622 856 686 Sicut
869 624 945 685 ratio
964 638 1060 685 rerum
1083 624 1246 686 fiendarum
1263 640 1316 702 per

145 732 250 797 artem,
272 730 395 786 vocatur
410 738 460 783 ars
474 721 527 803 ¹vel
540 721 692 799 exemplar
708 736 806 783 rerum
821 721 1063 797 artificiatarum;
1078 722 1118 785 ita
1134 723 1224 785 etiam
1238 723 1315 787 ratio

147 822 337 901 gubernantis
351 829 437 883 actus
460 819 654 891 subditorum,
669 819 812 882 rationem
826 818 901 897 legis
920 819 1039 882 obtinet.
1055 818 1135 884 Deus
1148 829 1248 883 autem
1261 837 1315 900 per

149 936 233 983 suam
247 918 421 997 sapientiam
437 918 571 981 conditor
585 926 632 981 est
644 917 847 981 universarum
863 933 971 996 rerum,
987 919 1024 981 ad
1039 933 1114 996 quas
1127 927 1316 997 comparatur

149 1018 228 1081 sicut
247 1016 353 1079 artifex
375 1016 411 1078 ad
433 1015 601 1078 artiliciata.
617 1014 674 1079 Est
693 1016 783 1077 etiam
805 1016 984 1093 gubernator
1005 1016 1135 1078 omnium
1151 1024 1269 1078 actuum
1285 1023 1317 1079 et

150 1116 319 1191 motionum,
341 1132 416 1195 quae
444 1114 633 1176 inveniuntur
653 1114 682 1175 in
708 1113 834 1192 siugulis
859 1115 1014 1176 creaturis.
1036 1111 1119 1177 Unde
1143 1114 1221 1177 sicut
1240 1115 1317 1177 ratio

150 1215 268 1277 divinae
289 1214 461 1291 sapientiae,
481 1212 511 1275 in
525 1219 667 1290 quantum
690 1226 742 1289 per
755 1227 819 1273 earo
842 1221 948 1274 cuncta
963 1218 1033 1273 sunt
1047 1219 1156 1285 creata,
1174 1212 1316 1274 rationem

149 1314 239 1377 hahet
260 1314 343 1386 artis,
364 1310 411 1375 rel
432 1310 619 1388 exemplaris,
645 1309 690 1372 vel
718 1310 816 1383 ideae3
838 1309 879 1371 ita
908 1310 983 1371 ratio
1007 1309 1126 1372 diuinae
1150 1310 1318 1387 sapientiae,

149 1411 292 1475 moventis
306 1410 404 1473 omnia
419 1410 457 1471 ad
471 1410 603 1471 debitum
619 1409 717 1481 linem,
730 1406 842 1471 obtinet
854 1407 995 1470 rationem
1010 1406 1098 1485 legis:
1113 1415 1142 1469 et
1156 1408 1316 1470 secuudum

149 1511 206 1574 hoo
227 1509 276 1572 lex
296 1518 413 1573 aeterua
435 1507 508 1570 nihil
522 1506 602 1569 aliud
623 1515 678 1580 cst,
691 1522 782 1585 quam
804 1507 879 1572 ratio
894 1507 1009 1570 divinae
1029 1508 1199 1585 sapientiae,
1213 1524 1318 1570 secuu-

149 1607 219 1670 dum
241 1608 320 1685 quod
341 1616 388 1669 est
408 1605 549 1669 directius
571 1605 702 1668 omnium
723 1614 844 1669 actuum
865 1615 896 1668 et
916 1606 1077 1669 motionum
1093 1604 1174 1684 (1).»

190 1704 366 1769 Thomasius
393 1704 470 1767 hauc
495 1711 642 1765 aeternam
669 1702 763 1783 legem
792 1703 830 1766 ab
857 1703 994 1767 omnibus
1020 1703 1104 1781 plane
1124 1701 1317 1766 Scholasticis

151 1802 321 1877 admissam,
343 1802 453 1865 acriter
472 1801 668 1879 impugnavit,
681 1817 806 1879 eamque
827 1810 861 1863 ut
881 1803 1054 1880 figmentum
1070 1800 1211 1875 traduxit,
1226 1808 1321 1862 mate-

149 1900 434 1977 riae'improductae
461 1900 646 1961 ethnicorum
669 1914 725 1961 uon
754 1900 887 1961 absimile
901 1896 953 1978 (2).
981 1899 1023 1961 At
1051 1915 1140 1977 quam
1166 1900 1264 1975 inepte
1289 1898 1320 1959 id

149 1999 260 2072 lecerit,
281 2014 365 2061 uerno
387 2014 477 2063 sanus
491 2013 547 2059 uon
569 1998 656 2059 videt.
678 1994 755 2059 Nam
772 1998 798 2059 si
819 1997 866 2059 lex
887 1997 1018 2058 humana
1039 1999 1140 2075 nequit
1158 2014 1175 2060 a
1190 1997 1322 2075 principe

148 2098 228 2172 ferri,
243 2099 314 2176 quin
336 2103 403 2159 ante
424 2100 452 2157 in
473 2096 539 2159 eius
560 2103 656 2158 mente
678 2094 807 2159 reluceat
821 2103 852 2156 et
873 2094 1022 2158 voluntate
1036 2095 1226 2170 decernatur;
1247 2110 1322 2173 quo-

152 2196 237 2258 modo
258 2196 314 2269 lex,
335 2209 394 2273 qua
409 2191 490 2256 Deus
505 2202 597 2256 totam
615 2200 751 2269 naturum
766 2193 963 2267 administrat,
978 2193 1103 2273 cogitari
1118 2194 1234 2272 poterit,
1248 2194 1319 2271 quin

151 2296 207 2357 hoc
221 2294 287 2371 ipso
302 2293 331 2355 in
345 2292 443 2354 divino
457 2292 607 2355 intellectu
622 2300 651 2355 et
666 2291 816 2355 voluntate
830 2292 869 2353 ab
879 2299 997 2355 aeterno
1010 2291 1162 2353 exstitisse
1173 2290 1321 2367 concipia-
1371 2330 1375 2333 -

151 2392 219 2454 tur?
234 2390 343 2467 Atque,
368 2397 400 2451 ut
413 2390 451 2451 ad
467 2406 518 2453 nos
532 2390 687 2452 dumtaxat
701 2404 866 2451 sermonem
882 2391 1106 2467 restringamus,
1124 2396 1202 2478 certe
1216 2403 1321 2464 quem-

152 2489 312 2552 admodum
337 2488 413 2549 ratio
438 2484 564 2549 humana
591 2488 778 2566 participatio
799 2487 943 2565 quaedam
965 2494 1011 2548 est
1032 2495 1062 2548 et
1087 2487 1185 2563 imago
1206 2486 1325 2549 divinae

153 2586 288 2659 rationis;
310 2585 354 2647 sio
375 2585 515 2647 veritates
535 2600 644 2660 omnes,
668 2594 729 2647 tum
751 2584 949 2661 speculativae
974 2592 1037 2645 turn
1064 2584 1223 2661 practicae,
1246 2583 1322 2645 radii
1351 2633 1353 2636 .

153 2684 276 2761 quidam
297 2691 366 2745 suut
379 2682 455 2746 lucis
469 2690 603 2745 aeternae
617 2691 647 2744 ct
662 2682 806 2761 imagines
820 2682 978 2746 veritatum
993 2688 1189 2755 aeternarum,
1202 2696 1279 2760 quae
1292 2682 1323 2743 in

152 2782 253 2845 diviua
274 2789 371 2843 mente
386 2782 562 2843 subsistunt.
578 2778 692 2852 Ouibus
712 2780 749 2858 (si
765 2780 801 2841 de
818 2778 958 2856 practicis
973 2795 1070 2843 sermo
1085 2778 1153 2859 est),
1169 2779 1323 2857 supposito

153 2882 272 2943 decreto
292 2878 448 2942 creationis
468 2878 579 2940 entium
600 2877 800 2950 rationalium,
823 2876 920 2941 divina
945 2876 1080 2940 voluntas
1099 2876 1230 2951 accedit;
1248 2893 1325 2955 quac

155 2985 311 3055 praecepta
332 2976 383 3039 illa
406 2984 556 3055 tamquam
578 2992 711 3039 normam
733 2976 867 3053 imponat
895 2975 1038 3037 voluntati
1060 2982 1184 3038 creatae.
1211 2974 1255 3037 un
1276 2975 1323 3037 lex

153 3083 283 3149 aeterna,
304 3075 340 3137 de
360 3091 419 3153 qua
441 3074 598 3153 loquimur.
614 3074 690 3138 Hinc
712 3074 758 3138 lex
781 3074 934 3149 naturalis,
948 3090 1025 3153 quae
1045 3074 1163 3136 iudiciis
1183 3073 1325 3151 practicis
1386 3099 1393 3111 ·

153 3174 322 3237 iubentibus
344 3173 388 3237 vel
404 3174 570 3237 vetantibus
584 3174 757 3245 continetur,
780 3173 891 3235 nonnisi
905 3173 1050 3235 derivatio
1065 3171 1209 3250 quaedam
1230 3180 1275 3235 est
1295 3179 1327 3233 ct

154 3272 342 3351 participatio
356 3272 447 3334 huius
467 3272 542 3350 legis
562 3281 705 3333 aeternae.
720 3269 815 3334 Immo
830 3272 856 3333 si
870 3287 925 3333 non
944 3270 1106 3332 subiective
1126 3277 1271 3348 quatenus
1285 3270 1323 3331 iu

155 3373 272 3435 actibus
294 3372 441 3433 humanae
461 3370 582 3433 rationis
603 3372 692 3449 viget,
714 3371 766 3433 scd
780 3370 925 3433 obiective
943 3376 1102 3447 spectetur,
1123 3368 1219 3447 quoad
1240 3383 1326 3445 prac-

156 3478 240 3546 cepta
263 3484 337 3547 quae
353 3468 499 3546 proponis
522 3484 589 3530 cum
612 3471 675 3546 ipsa
697 3467 760 3546 lege
782 3474 911 3539 aeterna,
925 3474 1013 3544 prout
1033 3466 1071 3528 ad
1086 3481 1138 3528 nos
1153 3466 1280 3528 reicrtur
1294 3474 1324 3528 et

157 3566 299 3630 obiectivc
318 3566 428 3643 pariter
448 3566 658 3639 consideratur,
680 3566 876 3628 confunditur.
898 3561 932 3626 ld
952 3564 1029 3626 enim
1051 3564 1158 3641 ipsum,
1178 3563 1257 3642 quod
1277 3562 1324 3625 lex

155 3673 272 3728 aeterua
294 3664 447 3742 praecipit,
468 3664 631 3741 iniungitur
652 3680 668 3725 a
689 3648 753 3741 lege
769 3662 913 3736 naturali;
934 3678 1010 3739 quae
1031 3662 1140 3736 abilla
1161 3677 1218 3723 non
1239 3660 1327 3723 aliter

154 3764 265 3837 differt,
278 3762 334 3824 uisi
348 3761 428 3840 quod
449 3762 544 3839 prima
565 3760 658 3839 legem
680 3760 820 3837 exprimit
840 3768 928 3839 prout
948 3761 978 3822 in
1000 3774 1138 3836 supremo
1159 3758 1326 3837 legislatore

152 3866 209 3934 est,
223 3860 316 3923 altera
331 3874 400 3923 vero
422 3858 553 3921 eamdem
570 3858 718 3937 significat
733 3865 820 3935 prout
834 3858 975 3935 recipitur
989 3859 1020 3919 in
1033 3857 1160 3920 homine.
1179 3854 1263 3930 Quod
1280 3874 1329 3918 sa-

154 3961 270 4037 pienter
291 3955 405 4021 Tullius
429 3956 583 4030 intellexit,
609 3956 659 4018 ubi
686 3956 722 4019 de
742 3956 807 4034 lege
827 3956 885 4018 ait:
909 3977 926 4012 e
942 3954 1003 4019 Lex
1024 3955 1066 4016 ull
1093 3953 1175 4016 aliud
1194 3964 1248 4034 est,
1269 3954 1327 4016 nisi

205 4188 240 4249 (l)
260 4188 374 4235 Summa
390 4188 426 4237 tlt.
444 4186 545 4235 Legae
560 4202 582 4251 q.
599 4181 682 4241 XCIII,
699 4190 745 4233 art.
762 4185 784 4233 2.

205 4268 240 4331 (2)
259 4268 329 4316 Inst.
347 4266 584 4330 Iurioprudentioe
600 4265 718 4318 divinoe,
737 4264 777 4313 lib.
796 4263 814 4324 1,
830 4277 851 4313 c.
866 4264 887 4322 1,
903 4272 917 4322 s
933 4263 972 4313 31.
