3159 4934
399 282 485 326 CAPUT
504 284 521 325 I.
540 285 574 327 DE
593 283 733 326 soctartrs
751 285 894 328 nousmlca
1178 279 1232 335 215

60 409 161 457 rernm
177 394 490 472 penuria-latorantes.
506 395 649 477 Denique,
670 414 738 462 cum
759 407 864 478 gnatos
885 402 1005 481 regendi
1022 412 1053 466 et
1066 403 1230 468 instruendi

58 493 191 556 officium
213 493 309 557 etius
331 495 500 572 parentibus
520 496 607 569 insit;
629 497 792 560 exhibenda
815 498 851 560 iis
872 506 919 561 est
939 516 957 561 a
978 499 1049 563 tiliis
1064 501 1229 565 obedientia

55 597 86 652 et
107 590 263 654 subiectio.
285 587 446 671 Postquam
468 607 536 656 vero
557 594 733 673 absumptus
755 601 802 658 est
822 595 890 658 finis
910 597 1102 679 educationis,
1118 610 1147 663 et
1168 600 1229 663 iarn

55 689 142 752 liberi
164 689 254 752 adse
276 690 398 753 alendos
419 690 647 772 dirigendosqoe
667 693 828 768 sufficiunt,
843 694 939 772 patria
952 694 1073 774 qudem
1094 704 1227 775 potestas

56 801 110 864 per
131 801 164 848 se
184 787 301 862 desinit,
322 803 357 851 ao
378 786 454 852 tilios
474 790 654 868 emancipari
669 807 719 852 seu
735 791 781 852 sui
795 790 870 853 iuris
891 792 969 856 effici
990 793 1135 856 naturalis
1158 795 1230 859 ordo

57 883 234 962 praescribit
248 882 299 964 (1).
316 882 441 963 Semper
461 891 558 949 tamen
579 887 608 948 in
630 887 704 966 ipsis
721 887 833 966 vigebit
846 889 979 952 debitum
1002 890 1230 992 lffltfijdffl·

55 983 220 1070 redimet}
231 983 534 1072 “gratitudipmuuod
551 1000 697 1064 nunquam
717 978 1159 1065 exstinguitdrfddsummam,
1175 989 1229 1050 tilii

57 1087 197 1157 parentes
219 1091 443 1159 quaquaversus
471 1082 624 1156 honorare,
646 1099 698 1145 seu
719 1083 779 1146 illis
800 1085 1004 1159 reverentiam,
1032 1086 1227 1149 obedientiam

54 1185 97 1251 et,
121 1177 146 1240 si
167 1179 341 1241 necessitate
362 1186 542 1258 premantur,
562 1178 700 1243 alimenta
722 1189 874 1260 praestare
896 1182 924 1244 vi
945 1182 1018 1244 iuris
1039 1189 1161 1246 naturae
1175 1182 1227 1244 ad·

55 1274 247 1354 stringuntur
262 1271 314 1355 (2).

520 1535 689 1600 Anrrcnuus
715 1533 767 1600 Vl.

352 1689 430 1760 ffsx
473 1664 523 1730 De
543 1668 686 1732 societate
714 1665 814 1732 tercii.

351 1761 430 1848 Q.)
900 1764 934 1855 j

98 1859 148 1924 25.
171 1857 244 1940 ouid
266 1859 403 1930 societas
424 1860 562 1932 inseritis.
585 1862 772 1944 Quamquam
793 1852 942 1930 communi
963 1881 1096 1931 sermone
1116 1865 1228 1928 familia

55 1959 200 2038 appellari
223 1959 314 2024 soleat
334 1960 423 2024 etiam
452 1961 579 2027 societas
600 1964 676 2026 inter
700 1971 838 2042 parentes
858 1972 973 2028 tantum
994 1973 1024 2027 et
1043 1962 1162 2038 liberos,
1183 1963 1230 2025 vel

55 2059 136 2120 inter
155 2058 251 2122 virum
273 2065 303 2121 et
327 2075 450 2122 uxorem
476 2057 533 2140 (3);
555 2069 652 2124 tameo
674 2061 699 2122 si
722 2063 917 2152 complacet
937 2063 1050 2166 iQfe
1071 2061 1227 2139 accipitur,

56 2163 202 2235 quantum
224 2158 340 2220 extendi
359 2165 462 2237 potest,
476 2159 601 2224 famulos
621 2161 710 2223 etiam
732 2161 873 2236 includit3
891 2163 935 2224 ita
956 2168 990 2222 ut
1010 2160 1049 2222 sit
1062 2159 1228 2223 coniunctio

56 2254 137 2316 inter
152 2263 296 2331 parentes,
309 2254 418 2319 liberos
430 2264 460 2319 et
475 2256 610 2337 famulos
625 2260 852 2338 societatemque
866 2259 1060 2338 coniugalem,
1077 2265 1227 2335 paternam

55 2356 88 2413 et
109 2350 230 2414 herilem
252 2353 473 2431 complectatur.
489 2353 580 2419 Porro
596 2356 721 2419 societas
735 2357 839 2420 herilis
858 2357 985 2420 describi
1006 2355 1129 2435 poterit:
1148 2351 1229 2416 Con-

56 2448 179 2510 iunctio
205 2447 364 2514 domimum
391 2451 474 2514 inter
501 2455 532 2516 et
557 2451 723 2531 famulum,
744 2455 907 2534 utriusque
933 2453 1083 2516 utilitatis
1107 2450 1227 2532 pratia.

56 2543 127 2609 Non
148 2545 234 2611 modo
255 2549 331 2612 enim
352 2563 389 2612 ex
411 2557 563 2614 contractu
585 2552 727 2630 procedit,
747 2568 806 2632 quo
825 2555 894 2631 quis
908 2560 995 2631 pacta
1015 2551 1149 2614 mercede
1164 2564 1228 2611 ser-

61 2643 137 2708 vitio
150 2645 275 2709 alterius
295 2661 326 2708 se
340 2647 466 2722 addicit;
485 2663 587 2712 verum
608 2649 696 2713 etiam
719 2650 906 2713 intentionem
927 2649 1019 2729 exigit
1039 2647 1229 2711 emolumenti

107 2887 141 2953 (l)
158 2888 257 2938 Natura
273 2903 323 2937 non
342 2889 493 2940 determinat
509 2891 623 2955 praecise
640 2897 758 2950 aetatem,
774 2907 824 2956 qua
841 2891 925 2955 patria
940 2896 1056 2955 potestas
1072 2889 1229 2953 extinguitur

55 2983 88 3018 ac
104 2961 173 3019 filiu!
189 2968 370 3032 emancipatur.
386 2969 413 3018 ld
430 2971 496 3019 enim
512 2970 606 3035 pendet
616 2972 648 3020 ab
661 2971 804 3021 evolutione
814 2970 1002 3034 intelligentiae,
1017 2984 1083 3034 quae
1095 2970 1178 3019 serius
1189 2968 1229 3016 rel

56 3063 139 3110 ocyus
155 3047 241 3112 quoad
256 3049 420 3112 prudentiam
436 3057 598 3102 maturescat.
609 3051 674 3101 Huic
684 3051 916 3100 indeterminationi
932 3057 1039 3100 naturae
1055 3049 1173 3098 subvenit
1188 3046 1228 3096 lex

55 3125 146 3186 civilis,
163 3141 229 3191 quae
245 3127 346 3178 diversa
362 3144 419 3178 esee
438 3129 511 3187 solet,
528 3145 574 3194 pro
595 3131 740 3180 diversitate
762 3133 913 3194 populorum
935 3137 961 3179 et
983 3129 1098 3180 culturae
1120 3124 1227 3179 socialis.

55 3207 141 3270 Leges
158 3220 281 3257 romanae
298 3208 446 3258 sanciebant
461 3215 553 3272 gnatos
571 3225 621 3260 non
637 3210 699 3259 effici
716 3210 839 3267 maiores,
850 3210 898 3268 nisi
914 3211 1031 3274 quintum
1042 3214 1068 3258 et
1077 3208 1229 3272 vigesimum

55 3287 150 3336 aetatis
163 3301 259 3337 annum
272 3288 446 3351 explevissent
459 3289 494 3338 At
505 3291 660 3340 recentiores
671 3291 770 3340 codices
785 3291 927 3354 generatim
943 3290 1066 3355 vigesimo
1082 3289 1172 3352 primo,
1182 3294 1228 3336 eut

55 3369 137 3417 etiem
153 3369 276 3430 vigesimo
293 3384 359 3418 anno
375 3370 488 3419 contenti
505 3376 570 3420 sunt

111 3446 146 3509 (2)
164 3467 178 3493 a
188 3448 267 3497 Pater
282 3449 359 3498 habet
375 3450 500 3499 rationem
520 3451 644 3516 principii,
659 3451 724 3500 filius
739 3458 827 3501 antem
841 3453 920 3502 habet
934 3453 1059 3502 rationem
1076 3464 1092 3498 a
1107 3447 1227 3513 principio

58 3528 200 3578 existentis.
212 3528 270 3578 Ideo
284 3543 335 3592 per
349 3545 375 3578 se
390 3530 456 3594 patri
474 3531 595 3594 competit
606 3538 634 3580 ut
646 3532 780 3582 subveniat
790 3531 853 3593 filio;
864 3538 889 3581 et
905 3538 1007 3595 propter
1023 3531 1072 3580 hoc
1082 3543 1133 3577 non
1144 3525 1227 3577 solnm

57 3608 94 3656 ad
111 3608 200 3656 horam
217 3607 292 3658 debet
308 3609 330 3656 ei
346 3609 489 3667 subvenire,
508 3611 552 3660 sed
568 3612 600 3660 ed
617 3616 698 3661 totam
713 3627 787 3661 suam
803 3612 889 3669 vitam,
905 3611 973 3674 quod
989 3616 1029 3659 est
1047 3607 1227 3658 thesaurizare.

57 3687 111 3738 Sed
128 3687 195 3750 quod
210 3689 277 3738 tilius
293 3687 388 3754 aliquid
404 3689 517 3739 conferat
533 3690 607 3754 patri,
622 3693 672 3740 hoc
688 3697 728 3740 est
739 3707 791 3754 per
807 3691 929 3739 occidens
945 3690 1043 3739 ratione
1065 3687 1170 3737 alicuius
1186 3700 1228 3733 ne·

58 3767 187 3816 cessitatis
203 3768 330 3826 instantis,
346 3769 372 3818 in
390 3784 441 3834 qna
457 3775 558 3819 tenetur
574 3769 597 3818 ei
613 3770 747 3819 subvenire
758 3786 809 3820 non
825 3775 911 3819 autem
928 3768 1101 3818 thesaurizare
1117 3765 1190 3830 quasi
1201 3764 1227 3812 in

57 3847 237 3912 longinquum
255 3849 315 3912 quia
332 3848 481 3898 naturaliter
497 3864 548 3898 non
565 3856 684 3913 perantes
700 3850 817 3908 filiorum,
835 3849 880 3899 sed
895 3848 940 3897 dlii
956 3853 1090 3912 parentum
1103 3850 1163 3896 sunt
1175 3857 1230 3893 suc-

59 3941 210 3976 cessores.»
227 3928 253 3977 S.
272 3928 357 3978 Taonr.
373 3927 409 3979 2.·
424 3928 472 3977 2¹⁶
488 3943 511 3994 q.
528 3928 566 3988 dl,
583 3944 599 3978 a
615 3928 637 3988 2,
655 3929 687 3979 ad
703 3928 725 3977 2.

106 4005 143 4069 (3)
154 4005 290 4057 Translate
298 4013 385 4057 autem
395 4007 525 4065 vocabulo,
536 4008 561 4056 in
573 4007 686 4058 Ecclesia
696 4015 784 4059 coetus
796 4010 872 4058 etiam
882 4009 946 4058 sacri
956 4008 1096 4072 reliyiorac
1103 4005 1229 4070 familiae

57 4073 232 4136 nominantur.
250 4087 297 4136 Hos
308 4087 375 4136 euim
391 4088 477 4152 plnres
494 4102 627 4150 personae,
643 4089 728 4138 studio
745 4087 852 4138 vacandi
863 4088 917 4137 Deo
929 4101 959 4136 ao
968 4087 1070 4136 virtutis
1080 4084 1227 4136 excelsioris

56 4165 223 4226 exercendae,
240 4167 419 4216 consociantur
434 4167 481 4217 sub
493 4167 615 4230 regimine
627 4167 764 4232 spiritualis
781 4167 928 4231 superioris,
940 4168 983 4232 qui
994 4166 1072 4217 veluti
1084 4167 1164 4232 patris
1175 4181 1229 4214 mn-

56 4260 120 4295 nere
137 4260 200 4309 erga
216 4261 262 4296 eos
279 4246 400 4310 iungitur.
