3159 4934
368 381 453 424 corut
473 374 510 425 iil.
528 383 562 424 bit
580 380 685 424 osricus
703 380 809 423 nobiliis
826 381 895 424 ERGA
914 381 1023 423 suissuia
1232 366 1284 421 159

115 499 210 563 fensio
229 506 333 561 contra
348 497 406 559 vim
421 496 572 561 inimicam
586 512 653 559 eum
669 496 774 559 damno
789 498 972 574 aggressuris
987 498 1131 558 societur:
1153 495 1283 573 quando·

117 598 239 675 quidem
254 596 394 658 damnum
409 593 481 656 illud
495 594 522 657 ei
544 594 683 671 imputari
705 594 800 672 debet,
815 594 866 672 qui
887 602 987 671 sponte
1000 601 1031 655 et
1050 594 1194 671 flagitiose
1208 593 1282 655 sein

117 692 281 757 discrimen
294 692 435 766 adduxit3
457 706 512 754 unu
534 706 603 754 vero
618 690 661 753 illi
681 692 732 770 qui
747 691 866 769 proprio
888 692 1029 769 prospicit
1049 692 1133 765 bono,
1146 700 1176 753 et
1189 692 1237 753 ius
1252 705 1284 752 se

116 792 220 855 tuendi
240 806 296 854 non
318 791 440 866 amittit,
462 796 580 868 propter
602 790 775 867 pravitatem
796 788 926 852 alterins.

158 888 239 953 Haec
253 890 338 961 ratio,
349 904 415 951 cum
432 888 575 966 generalis
590 888 639 961 sit,
651 887 779 950 ostendit
793 888 883 949 etiam
897 886 1145 964 propulsationem
1160 886 1283 947 iniuriae

116 987 237 1051 extendi
251 1002 335 1063 posse
351 985 496 1064 usquead
516 986 697 1063 aggressuris
713 1000 824 1058 necem,
838 985 864 1045 si
884 985 948 1047 eius
962 983 1098 1046 violentia
1119 999 1176 1046 nou
1191 983 1285 1061 possit

117 1085 210 1146 aliter
222 1083 334 1162 repelli;
353 1084 439 1146 modo
455 1090 608 1145 serventur
621 1083 814 1155 conditiones,
828 1098 902 1160 quas
918 1083 1103 1143 moderamen
1117 1082 1284 1159 inculpatae

119 1181 233 1245 tutelae
259 1180 441 1259 praescribit.
470 1178 555 1254 Quod
583 1196 652 1243 saue
680 1182 726 1242 ins
752 1181 920 1259 impugnari
947 1181 1057 1258 nequit,
1084 1179 1141 1241 nisi
1170 1180 1285 1242 dicatur

114 1282 208 1343 homo
223 1279 288 1355 plus
310 1280 398 1341 teneri
420 1278 457 1340 ad
472 1278 681 1340 consulendum
699 1278 774 1341 bono
795 1278 898 1354 alieno,
913 1293 1000 1354 quam
1023 1294 1091 1350 su0;
1105 1276 1184 1356 quod
1207 1285 1285 1340 certe

114 1376 312 1440 falsissimum
332 1384 376 1438 est
396 1383 426 1438 et
446 1383 547 1438 contra
569 1376 692 1438 ordinati
714 1376 824 1438 amoris
845 1375 986 1454 regulam.

160 1476 288 1539 Adverie
311 1482 408 1537 tamen
432 1473 599 1536 huiusmodi
624 1475 670 1535 ins
694 1474 827 1552 propriae
848 1473 1022 1537 defensionis
1043 1473 1191 1551 usquead
1213 1473 1287 1534 inte-

115 1576 311 1651 remptionem
333 1572 544 1651 aggressorisa
570 1578 673 1633 natura
689 1571 809 1635 concedi
830 1572 959 1650 quidem,
975 1572 1027 1634 sed
1048 1572 1112 1634 eius
1133 1586 1219 1633 nsum
1237 1585 1298 1632 ne-.

115 1686 268 1751 quaquam
293 1669 431 1748 praecipi.
455 1667 520 1732 Non
546 1670 621 1731 enim
644 1678 677 1731 ut
703 1669 794 1731 vitam
820 1678 926 1742 servet,
949 1683 1026 1748 quae
1050 1684 1101 1747 per
1125 1685 1155 1731 se
1175 1670 1284 1731 bouum

116 1768 279 1847 physicum
295 1768 449 1830 dumtaxat
463 1775 509 1830 est
528 1774 558 1828 et
577 1767 696 1844 quidem
711 1767 748 1829 ad
763 1767 944 1829 individuam
960 1782 1111 1844 personam
1127 1766 1284 1845 pertinens,

114 1866 244 1944 obligari
265 1866 332 1944 quis
354 1873 450 1943 potest
470 1865 508 1927 ad
528 1864 683 1938 actionem,
704 1881 719 1926 a
742 1882 800 1944 qua
828 1872 977 1943 tantopere
1004 1873 1108 1927 natrrra
1136 1865 1284 1935 abhorret,

113 1963 215 2041 qualis
234 1971 280 2026 est
302 1963 431 2025 bominis
444 1964 521 2025 inter
523 1963 617 2025 lectio.
640 1960 816 2024 Praesertim
831 1963 900 2040 quia
916 1978 948 2024 se
965 1962 1137 2025 abstinendo
1157 1963 1219 2023 avi
1234 1980 1284 2040 ag·

91 2064 246 2170 'gressori
266 2061 448 2139 opponenda
469 2059 559 2123 altius
584 2061 692 2152 bonum
713 2053 847 2138 spectare
867 2068 974 2137 potest
999 2060 1139 2123 nimirum
1165 2061 1284 2122 uirtutis

114 2153 293 2222 exercitium
324 2166 354 2219 et
378 2167 526 2221 aeternam
554 2160 738 2236 aggressuris
764 2158 901 2221 salutem.
923 2157 1065 2237 Exceptio
1096 2166 1193 2221 tamen
1221 2160 1283 2222 lieri

115 2256 222 2320 debet:
237 2271 279 2319 ne
299 2256 335 2335 is
356 2255 406 2334 qui
437 2257 654 2335 aggressionem
682 2258 804 2336 patitur,
826 2272 858 2319 se
882 2259 911 2319 in
939 2256 1040 2319 lethali
1065 2258 1152 2334 culpa
1174 2259 1284 2321 versari

114 2354 328 2427 consolatam
349 2362 430 2416 certo
451 2354 525 2417 sciat
548 2363 666 2431 propter
681 2356 728 2416 sui
743 2354 993 2433 interemptionem
1009 2355 1116 2417 bonnm
1131 2370 1284 2417 commune

117 2452 290 2532 periclitari.
303 2448 386 2514 Tunc
399 2451 477 2513 enim
491 2452 597 2525 officio,
612 2468 670 2530 quo
685 2468 716 2515 se
730 2453 864 2515 ordinato
878 2467 976 2515 amore
991 2452 1113 2531 diligere
1126 2468 1162 2515 ae
1178 2454 1284 2515 bonum

114 2564 274 2613 commune
302 2550 415 2627 privato
447 2550 521 2629 bono
553 2558 729 2627 anteponere
758 2546 855 2624 debet
869 2551 907 2613 ad
938 2551 997 2613 rim
1029 2551 1058 2611 ri
1090 2549 1283 2646 repellendam

116 2648 324 2726 adstringitur.

161 2742 209 2809 59.
224 2742 400 2809 Paorosrrro
414 2741 459 2807 2².
480 2742 638 2821 Duellium,
653 2745 879 2827 seuyprt'uutum
892 2746 1083 2820 caiomenes
1069 2764 1218 2809 amanum
1238 2751 1285 2811 est

115 2846 150 2905 et
169 2840 345 2905 illicitum
334 2861 403 2905 rure
422 2846 566 2905 moturae.

159 2938 245 3005 Prob.
268 2940 312 3004 Ne
326 2941 527 3020 aequivocatio
548 2942 668 3019 irrepat,
687 2941 978 3005 animadvertendum
999 2951 1044 3005 est
1064 2959 1118 3007 nos
1134 2959 1189 3008 nun
1204 2945 1283 3023 loqui

117 3040 156 3101 de
170 3053 273 3117 genere
284 3038 335 3101 illo
348 3040 518 3101 certaminis
533 3039 700 3117 singularis,
711 3040 788 3118 qnod
804 3040 922 3117 publica
936 3041 1109 3104 auctoritate
1123 3043 1161 3103 ad
1176 3041 1284 3105 bellum

118 3136 279 3198 finiendum
306 3136 479 3209 assumitnr;
504 3144 537 3198 ut
561 3136 684 3201 notoria
708 3137 750 3199 illi
771 3138 850 3224 parti
874 3138 1068 3213 adiudicetur,
1092 3140 1177 3203 coins
1202 3141 1285 3203 miles

118 3235 217 3297 victor
237 3234 372 3296 exsistat.
395 3233 428 3298 ld
450 3235 536 3308 euim,
556 3250 736 3313 quamquam
761 3235 894 3298 absolute
914 3253 931 3298 a
953 3238 1065 3301 ratione
1084 3239 1284 3315 probibentur,

114 3348 194 3411 quae
215 3333 297 3395 iubet
317 3348 352 3395 ne
373 3332 507 3397 fortunae
528 3334 731 3397 committatur
751 3334 830 3412 qnod
852 3334 1016 3411 aptioribus
1036 3342 1067 3398 et
1086 3335 1284 3398 securioribus

116 3429 226 3491 mediis
246 3430 370 3493 obtineri
387 3438 500 3509 potest;
521 3440 618 3493 tamm
639 3431 668 3493 in
687 3431 837 3510 aliquibus
854 3433 1082 3495 circumstantiis
1102 3434 1214 3496 licitum
1228 3443 1284 3506 est,

115 3526 200 3613 sicut
218 3525 332 3591 licitum
353 3538 401 3591 est
423 3528 540 3591 bellum.
562 3526 618 3591 Sed
640 3530 678 3591 ad
699 3529 830 3593 duellum
852 3530 968 3607 proprie
987 3530 1099 3593 dictum
1121 3534 1281 3594 sermonem

116 3623 337 3703 restringimus,
355 3626 433 3704 quod
453 3626 582 3689 describi
602 3632 711 3705 potest:
733 3623 879 3690 Duorum
899 3630 955 3688 aut
968 3628 1112 3707 plurium
1131 3631 1303 3691 certamen

110 3719 249 3801 priuato
269 3740 369 3786 causa
389 3726 421 3785 ei
434 3724 566 3801 priuata
585 3725 770 3787 auctoritate
790 3729 977 3805 susceptum,
996 3725 1170 3806 designatis
1189 3729 1283 3788 autea

117 3816 232 3892 mmm,
253 3817 418 3894 iudicatus,
440 3819 502 3883 loco
527 3825 557 3884 et
578 3825 710 3901 tempore
733 3820 927 3904 confligendi.
948 3822 1013 3888 Hoc
1037 3824 1166 3887 certandi
1192 3840 1283 3903 genus

116 3916 283 3977 asserimus
304 3917 438 3979 insanum
454 3925 483 3980 et
501 3917 638 3981 illicitum
659 3936 733 3995 esse,
750 3928 851 3999 utpote
871 3922 956 3983 falsis
969 3920 1122 3999 principiis
1141 3922 1283 4004 innixum,

113 4014 249 4092 ineptum
270 4014 324 4076 fini
344 4021 463 4093 propter
483 4030 572 4093 quem
592 4018 763 4091 assumitur,
783 4026 814 4079 et
834 4018 974 4081 iniustum
994 4025 1098 4081 natura
1119 4036 1183 4083 sua.

158 4110 258 4190 Atque
278 4112 316 4175 ad
338 4112 467 4191 primum
488 4114 565 4192 quod
586 4114 699 4188 attinet,
721 4116 853 4179 duellum
866 4131 954 4180 uuna
974 4116 1083 4183 virtute
1096 4119 1284 4183 militarised

113 4226 155 4273 ex
175 4210 407 4289 septemtrionali
428 4211 563 4274 barbarie
589 4211 730 4293 originem
755 4214 849 4277 duxit.
870 4213 997 4278 Romani
1020 4216 1098 4280 euim
1118 4225 1148 4281 et
1168 4215 1282 4297 Graeci,

113 4308 194 4369 inter
212 4306 346 4371 nationes
365 4324 465 4373 omnes
487 4307 710 4383 bellicosissimi¹
726 4309 799 4373 illud
820 4328 943 4391 prorsus
963 4314 1142 4393 ignorarunt
1165 4314 1284 4379 ALon-
