3159 4934
272 287 310 343 92
787 298 927 341 neuter

275 422 364 488 recta,
386 421 415 479 et
434 430 451 476 a
474 414 590 476 numine
610 411 740 475 Deorum
757 419 852 475 tracta
866 413 942 476 ratio
957 411 1008 492 (l).
1024 435 1042 469 »
1063 411 1103 476 lte
1124 411 1209 476 alibi:
1227 410 1339 475 «Hanc
1358 410 1444 475 video

274 512 556 591 sapientissimorum
579 512 668 574 luisse
689 510 873 585 sententiam,
898 510 992 590 legem
1022 528 1115 590 neque
1143 512 1297 574 bominum
1317 510 1443 588 ingeniis

271 611 480 689 excogitatam,
494 625 546 671 nec
568 609 677 671 scitum
690 608 811 687 aliquod
831 624 896 671 esse
911 608 1100 686 populorum;
1118 610 1172 671 sed
1185 617 1335 672 aeternum
1356 607 1444 686 quid-

272 709 353 795 dam,
374 707 453 785 quod
475 707 643 769 universum
665 707 808 769 rnnndam
830 714 951 787 regeret,
966 708 1132 785 imperandi
1147 708 1379 785 prohibendique
1396 722 1443 768 sa-

274 804 392 882 pientia.
414 803 457 868 lta
479 804 640 883 principem
656 804 750 883 legem
770 805 852 867 illam
873 812 903 867 et
923 804 1070 879 ultimam,
1085 813 1211 867 mentem
1226 820 1291 867 esse
1303 804 1442 867 dicebant

270 903 369 964 omnia
392 902 503 965 ratione
517 910 569 964 aut
583 903 714 981 cogentis
728 911 781 965 aut
798 902 926 965 vetantis
941 900 1011 965 Dei:
1026 920 1062 965 ex
1078 919 1135 981 qna
1149 902 1200 965 illa
1215 904 1271 977 lex,
1284 917 1374 981 quant
1392 900 1442 964 Dii

272 1002 401 1067 bumana
422 1000 521 1079 generi
535 1000 687 1074 dederunt,
708 1008 786 1065 recte
800 1008 846 1063 est
859 1000 1008 1063 laudata...
1027 999 1099 1063 Erat
1112 1002 1191 1063 euim
1207 1001 1290 1079 ratio,
1312 1000 1441 1077 pmlecta

272 1114 289 1159 a
311 1114 407 1159 rerum
431 1107 534 1159 natura
556 1105 585 1160 et
607 1098 644 1159 ad
666 1105 744 1160 recte
758 1098 923 1159 laciendum
939 1097 1091 1175 impellens
1106 1107 1135 1160 ct
1149 1114 1166 1160 a
1180 1098 1288 1161 delicto
1304 1112 1442 1170 avocans,

270 1211 347 1273 quac
369 1211 425 1258 non
440 1204 502 1257 tum
518 1195 642 1273 deniqne
662 1196 766 1273 incipit
787 1195 835 1258 lex
849 1210 924 1269 esse,
939 1212 1005 1257 cnm
1022 1196 1131 1273 scripta
1147 1204 1205 1271 est;
1223 1195 1275 1257 sed
1290 1210 1358 1257 cnm
1377 1202 1442 1257 orta

269 1302 327 1356 est.
349 1290 423 1358 Orta
444 1303 541 1355 autem
562 1293 649 1355 simul
670 1302 805 1355 osteum
833 1300 928 1355 mente
949 1293 1057 1355 divina.
1078 1292 1276 1365 Quamobrem
1301 1293 1348 1356 lex
1371 1309 1440 1356 vera

269 1399 360 1471 atque
381 1392 527 1469 princeps,
548 1400 617 1468 apta
645 1392 683 1453 ad
711 1391 873 1453 iubendum
893 1400 923 1453 et
943 1391 982 1452 ad
1004 1392 1172 1467 vetantium,
1193 1392 1269 1455 ratio
1290 1398 1337 1453 est
1358 1398 1441 1465 recta

274 1490 383 1552 summi
404 1488 484 1553 lovis
500 1486 550 1568 (2).
566 1510 584 1545 »

311 1586 441 1649 Advorte
456 1588 583 1659 tandem,
597 1585 691 1663 legem
705 1593 865 1660 aeternam,
882 1602 958 1664 quae
973 1586 1000 1648 in
1017 1585 1080 1650 Deo
1095 1573 1289 1666 tamqnam'in
1303 1603 1443 1665 supremo

272 1685 414 1763 principe,
427 1684 523 1747 omnia
539 1683 681 1761 dirigente
702 1691 733 1746 et
746 1683 908 1758 ordinante,
923 1686 1047 1763 reperiri
1061 1685 1181 1760 dicitur,
1196 1686 1343 1764 respicere
1363 1688 1442 1751 solas

269 1782 401 1846 actiones
423 1789 634 1860 creaturarum,
649 1796 704 1843 non
728 1796 798 1843 vero
819 1782 901 1859 ipsas
916 1783 1100 1859 operationes
1120 1782 1245 1856 divinas,
1259 1784 1345 1861 qnasi
1360 1782 1441 1846 Deus

270 1882 299 1942 in
321 1879 468 1957 operando
487 1878 545 1956 legi
567 1878 748 1940 subiiciatur.
770 1877 838 1942 Etsi
858 1881 934 1942 enim
957 1880 1117 1942 dictamina
1141 1880 1257 1942 divinae
1278 1880 1439 1957 sapientiae

266 1975 625 2056 dirigantqnodammodo
638 1975 767 2037 divinam
783 1977 975 2052 voluntatem,
990 1992 1066 2055 qnae
1080 1975 1161 2038 aliud
1176 1976 1250 2039 velle
1264 1992 1319 2039 non
1334 1984 1442 2053 potest,

266 2078 325 2141 nisi
345 2077 377 2138 id
397 2077 477 2155 quod
497 2086 514 2138 a
536 2076 633 2139 divina
655 2076 801 2152 sapientia
823 2076 996 2153 proponitur·
1017 2075 1050 2136 ut
1064 2076 1177 2137 iustum
1198 2083 1228 2137 et
1249 2084 1377 2149 rectum;
1395 2076 1443 2137 ni-

267 2175 429 2239 bilominus
450 2173 609 2237 dictamina
624 2172 767 2235 eiusmodi
789 2180 926 2249 respectu
939 2170 995 2236 Dei
1010 2172 1151 2235 rationem
1167 2173 1242 2251 legis
1256 2172 1366 2258 babere
1380 2188 1439 2235 non

270 2279 401 2352 possunt.
417 2270 482 2336 Non
496 2272 573 2334 enim
595 2269 771 2331 exhibentur
788 2278 826 2331 ut
840 2270 922 2331 iussa
939 2270 1099 2346 superioris
1113 2270 1277 2348 cuiusdam,
1294 2270 1343 2332 eui
1357 2268 1439 2333 Deus

266 2377 388 2450 pareat3
410 2370 463 2432 sed
483 2368 624 2449 vigentia
647 2373 743 2429 mente
758 2366 866 2440 divina,
889 2373 1040 2445 tamquam
1055 2368 1164 2431 iudicia
1179 2384 1258 2431 mere
1276 2368 1438 2430 indicantia

158 2478 162 2483 ·
267 2469 343 2548 qnid
362 2469 464 2531 deccat
485 2483 520 2530 ac
534 2481 632 2530 rerum
653 2470 776 2527 naturae
797 2466 959 2527 conveniat.
975 2462 1053 2529 Huic
1068 2473 1166 2528 autem
1187 2465 1281 2529 ordini
1305 2480 1377 2527 suae
1392 2480 1441 2527 sa·

12 3533 51 3603 f*
69 3532 138 3599 “st
154 3569 231 3617 tto-l

208 3624 215 3647 Ι

269 2566 393 2643 pientiae
414 2566 614 2631 contradicere
634 2561 715 2626 Dens
735 2564 847 2641 nequit,
865 2579 922 2625 non
943 2564 1012 2642 quia
1032 2564 1210 2643 obligatione
1231 2562 1290 2625 ulla
1310 2562 1442 2625 adstrin-

269 2674 366 2743 gatur,
381 2666 431 2727 sed
446 2665 516 2743 quia
529 2663 573 2725 sic
583 2662 713 2740 exquirit
728 2661 866 2742 perfectio
877 2661 993 2723 divinae
1004 2661 1175 2735 voluntatis,
1185 2673 1261 2740 quae
1272 2660 1440 2724 rectissima

265 2780 334 2827 csse
353 2764 450 2837 debet,
470 2772 500 2827 et
520 2778 670 2841 nunquam
691 2778 708 2823 3
731 2761 875 2839 sapientia
896 2760 1083 2837 disiungitur.

648 2990 823 3056 Solvuntur
843 2965 1053 3070 difficultates.

307 3154 356 3222 93.
382 3156 475 3221 obite.
498 3155 520 3219 l.
543 3152 650 3216 Contra
678 3148 863 3213 existentiam
891 3148 965 3227 legis
994 3150 1147 3213 naturalis.
1168 3150 1199 3215 Si
1224 3151 1270 3213 lex
1291 3150 1438 3213 naturalis

264 3264 345 3320 esset
366 3256 395 3317 in
410 3253 536 3328 bomine,
550 3250 671 3312 libertas
684 3247 779 3311 omnis
793 3245 829 3307 de
844 3247 940 3309 medio
955 3246 1119 3325 pelleretur.
1141 3246 1202 3311 Lex
1216 3249 1293 3311 enim
1308 3250 1439 3313 coactio·

267 3369 332 3415 nem
355 3359 384 3415 et
405 3348 609 3411 necessitatem
632 3343 766 3421 imponit,
786 3344 872 3419 isque
891 3346 1014 3407 eftectus
1037 3347 1173 3424 proprius
1194 3347 1268 3423 legis
1288 3355 1344 3408 est.

307 3447 344 3511 R.
366 3445 427 3510 Lex
448 3444 628 3506 coactionem
649 3448 678 3503 et
699 3441 902 3503 necessitatem
917 3442 1042 3520 imponit
1055 3459 1111 3507 non
1133 3444 1287 3523 physicam
1302 3445 1354 3506 sed
1372 3460 1438 3508 mc·

267 3545 368 3607 nalem.
384 3538 450 3603 Non
464 3540 540 3601 enim
563 3538 730 3601 violentiam
751 3537 848 3613 infert,
869 3540 921 3601 sed
938 3548 1051 3604 tantum
1067 3542 1246 3605 voluntatem
1262 3542 1384 3604 inclinat
1398 3544 1439 3606 ad

104 3689 108 3698 .
244 3658 311 3725 ,ea,
330 3653 407 3717 qnae
428 3638 502 3700 bona
523 3642 553 3696 et
573 3642 654 3699 recte
674 3642 751 3699 sunt.
766 3633 830 3699 Nec
850 3626 915 3700 eant
931 3647 1073 3718 potestate
1094 3640 1192 3717 privat
1211 3641 1365 3704 exercendi
1380 3657 1436 3719 pro

123 3720 144 3745 ”
246 3728 350 3800 ‘libito
371 3748 458 3795 nnana
480 3739 532 3795 ant
553 3733 675 3795 alteram
691 3734 850 3810 actionem3
872 3736 925 3798 sed
947 3745 1060 3800 tantum
1076 3739 1114 3800 ad
1128 3738 1206 3801 banc
1221 3739 1329 3816 potius,
1343 3754 1434 3817 quam

266 3834 305 3895 ad
325 3832 413 3894 aliam
433 3831 604 3895 eliciendam
626 3831 746 3907 obligat.
761 3829 844 3906 Quae
864 3833 1004 3913 obligatio
1018 3836 1076 3898 boc
1090 3837 1240 3915 importat,
1255 3846 1289 3898 ut
1306 3846 1434 3915 nequeat

263 3937 400 3993 creatura
415 3928 567 3991 rationalis
581 3928 639 4008 legi
653 3931 803 4009 reiragari,
814 3932 884 4007 quin
899 3949 916 3994 3
931 3934 989 3995 line
1002 3932 1151 3997 desciscat
1164 3933 1330 4014 iniuriaque
1343 3935 1435 4016 legis-

311 4160 347 4221 (l)
364 4159 509 4222 Pbtttpptc.
526 4158 549 4216 2,
567 4176 591 4210 n.
607 4160 644 4210 12.

312 4239 348 4302 (2)
366 4240 404 4291 De
420 4240 529 4304 tegibus,
546 4239 587 4289 lib.
602 4239 625 4300 2,
642 4255 662 4289 c.
679 4241 701 4288 4.
