3159 4934
378 341 463 383 menn
480 342 515 384 ιιι.
527 344 562 385 nn
580 342 670 385 nonus
688 340 862 383 ornnxnronrs
879 340 1006 383 nonaxon
1227 326 1279 383 109

152 456 217 521 109.
234 456 298 523 litte
321 450 530 523 consectaria.
545 453 610 518 Dua
625 455 694 518 hine
715 454 800 517 facile
813 454 1024 531 intelliguntur.
1044 452 1189 528 Primum,
1209 470 1280 518 con·

103 556 261 621 scientiam
276 555 341 617 inre
356 554 517 631 meritoque
530 552 672 634 repetam
686 553 868 631 proximam
881 552 1029 614 actionum
1044 554 1208 630 nuncupari
1225 552 1275 632 (lt.

104 654 187 719 Nam
215 653 262 715 lex
288 668 384 715 mores
415 652 541 728 dirigere
569 651 679 729 nequit,
707 651 762 712 nisi
786 657 933 729 quatenus
956 650 1082 729 singulis
1110 652 1277 716 actionibus

102 752 284 831 applicetur.
298 748 332 813 ld
353 757 451 812 autem
473 750 507 811 tit
520 764 575 826 cpe
595 748 800 825 conscientiae,
814 764 892 825 quae
913 746 1021 810 virtute
1041 747 1115 826 legis
1129 752 1276 827 operatio-

102 864 177 912 nem
197 848 374 911 moderatur.
396 843 495 919 Quare
516 846 573 917 lex,
595 846 676 909 inse
700 845 845 925 inspecta,
867 845 1036 923 regulaest
1056 850 1174 908 nancta
1193 856 1223 909 et
1246 856 1278 910 nt
1364 897 1370 908 .

102 948 153 1009 ita
174 947 278 1019 dicam,
292 946 322 1007 iu
336 947 409 1007 acta
420 945 534 1023 primo.
550 943 733 1007 Conscientia
750 960 828 1018 vero,
843 960 896 1007 seu
916 944 964 1006 lex
977 944 1125 1021 applicata
1141 946 1273 1008 maribus

104 1043 281 1121 dirigendis,
299 1042 399 1119 regula
413 1042 613 1120 estproximo
627 1049 665 1113 et,
680 1049 713 1102 nt
727 1042 834 1114 dicam,
848 1042 877 1102 in
891 1045 964 1103 acta
977 1042 1122 1105 secando.
1136 1042 1272 1105 Alterum

105 1148 170 1213 est,
190 1141 396 1203 conscientiam
411 1139 631 1201 ratiocinatione
646 1154 761 1215 semper
781 1138 879 1217 aliqua
901 1140 1051 1201 contineri.
1069 1138 1183 1203 Revera
1198 1142 1276 1203 enim

106 1238 221 1315 triplex
234 1236 376 1300 iudicium
398 1236 503 1313 poscit:
522 1236 625 1313 primo,
641 1243 829 1312 praeceptum
843 1236 961 1315 aliquod
974 1236 1048 1315 legis
1062 1238 1141 1315 quod
1156 1254 1275 1302 munere

104 1334 240 1398 maioris
261 1333 423 1412 syllogismi
444 1334 599 1397 cuiusdam
620 1335 772 1411 langetun
796 1335 933 1408 meando,
954 1344 1052 1403 actum
1074 1336 1201 1413 aliquem
1226 1352 1276 1413 po·

105 1434 203 1494 situm
218 1431 264 1494 vel
280 1432 455 1508 ponendum,
469 1431 547 1511 quod
562 1432 655 1493 vicem
672 1440 755 1509 gerat
770 1431 921 1506 minoris;
944 1434 1037 1506 tertio,
1052 1435 1224 1496 sententiam
1240 1435 1276 1497 de

104 1530 176 1593 eius
191 1528 355 1591 moralitate
371 1528 522 1609 prolatam,
536 1544 611 1607 quae
633 1529 672 1590 sit
686 1530 904 1608 consequentia
924 1545 1025 1592 earum
1047 1531 1174 1593 duarum
1195 1548 1279 1609 prae·

105 1628 282 1689 missarum.
305 1625 447 1703 Exemplo
468 1628 507 1688 sit
527 1626 643 1705 aliquis,
663 1627 715 1705 qui
736 1627 779 1689 sic
803 1627 882 1704 apud
910 1644 942 1690 se
970 1627 1175 1691 ratiocinetur:
1199 1628 1280 1692 Pro·

106 1724 232 1785 nimam
257 1723 376 1787 taedere
396 1740 458 1786 non
481 1724 567 1799 ticet;
589 1723 645 1786 sed
666 1722 742 1787 baec
766 1725 846 1785 aetio
868 1726 1046 1803 proximam
1070 1724 1185 1788 taedii:
1207 1744 1279 1806 erpo

107 1838 181 1883 eam
200 1819 304 1897 facere
323 1838 387 1885 non
408 1820 486 1884 ticet.
509 1820 591 1885 Haec
612 1821 704 1884 illatio
725 1820 880 1885 dictamen
901 1823 1106 1885 conscientiae
1126 1833 1274 1887 vocatur..

152 1916 220 1982 110.
243 1915 378 1986 Pantilia.
401 1918 593 1993 Conscientia,
616 1928 648 1982 ut
672 1934 708 1981 ex
733 1919 820 1982 dictis
845 1928 976 1996 apparet,
999 1922 1116 1998 propr-ie
1140 1924 1281 2001 exprimit

106 2024 221 2081 actum.
244 2014 385 2081 Consistit
398 2018 475 2081 enim
496 2018 525 2080 in
546 2018 740 2095 applicatione
763 2018 973 2095 principiorum
994 2019 1150 2105 moralium
1173 2022 1210 2083 ad
1231 2038 1282 2099 pe·

106 2115 259 2178 culiarem
275 2116 433 2191 actionent;
455 2115 613 2194 applicatio
628 2120 725 2177 autem
746 2115 914 2177 huiusmodi
928 2116 1087 2179 dictamine
1107 2119 1228 2192 mentis,
1243 2134 1281 2181 ac

108 2212 234 2291 proinde
260 2221 340 2287 actu,
366 2213 538 2276 continetur.
565 2211 764 2276 Nihilominus
790 2228 893 2276 nomen
919 2214 1112 2277 conscientiae
1138 2216 1212 2278 solet
1235 2216 1283 2278 in·

108 2309 229 2373 tendum
245 2313 334 2374 etiarn
350 2310 440 2373 tribui
460 2312 517 2389 ipsi
538 2312 653 2375 habitui
669 2311 793 2373 naturali
814 2310 930 2375 illorum
952 2312 1171 2391 principiorum,
1187 2330 1202 2375 a
1218 2329 1277 2391 que

107 2409 1277 2491 procedittamquamacansa,etquiproprionornineappellaturspndaresis.

151 2506 298 2581 Quoniam
312 2522 380 2569 vero
402 2508 544 2585 principia
559 2508 610 2569 illa
631 2508 753 2571 moralia
774 2508 915 2587 applicari
933 2517 1056 2586 possunt
1076 2512 1166 2583 actui,
1186 2526 1274 2588 quem

2 2590 4 2607 '
107 2610 202 2671 bomo
216 2605 262 2669 vel
282 2607 415 2669 tacturus
429 2616 474 2670 est
495 2608 542 2671 vel
561 2608 645 2681 lecit;
669 2609 737 2671 hinc
758 2608 934 2671 conscientia
956 2608 1095 2670 dividitur
1111 2610 1145 2671 in
1159 2613 1279 2672 antece-

107 2704 234 2769 dentem
254 2711 285 2766 et
305 2709 545 2785 consequentem.
560 2702 745 2769 Conscientia
763 2703 945 2768 antecedens
959 2714 1006 2767 est
1026 2706 1183 2781 dictamen,
1197 2707 1279 2785 quad

108 2803 235 2881 respicit
255 2810 354 2865 actum
369 2802 534 2881 ponendum
557 2802 602 2864 vei
617 2803 830 2875 omittendum;
850 2817 942 2879 eoque
956 2811 1091 2879 respectu
1112 2818 1165 2867 nos
1186 2805 1284 2867 insti-

105 2918 189 2983 pare
209 2900 257 2963 vel
275 2918 417 2963 revocare
437 2901 495 2963 dici
517 2901 600 2963 solet.
621 2898 818 2980 Consequens
840 2916 909 2964 vern
929 2904 1108 2966 conscientia
1130 2911 1185 2977 est,
1205 2921 1283 2983 quae

110 3000 241 3061 retertur
259 2997 297 3059 ad
317 3004 417 3060 actum
438 2998 497 3059 iam
517 2998 652 3075 positum.
669 2998 713 3059 Ac
727 2998 752 3061 si
773 3004 859 3059 actus
873 2998 931 3061 iste
951 2999 1040 3061 luerit
1060 3015 1180 3076 pravus,
1194 3011 1284 3065 accit·

111 3096 191 3159 satio
210 3094 260 3156 ilia
281 3095 476 3158 conscientiae
496 3095 606 3157 dieitur
620 3112 785 3170 remorsas,
808 3110 867 3174 quo
886 3096 1093 3158 excruciantur
1113 3098 1214 3175 impii;
1236 3100 1282 3161 sin
1321 3121 1325 3127 ’

110 3194 203 3257 luerit
217 3193 321 3267 banus,
335 3192 517 3272 approbatio,
531 3209 606 3271 quae
620 3193 687 3255 inde
701 3193 804 3265 oritur,
819 3200 941 3255 vocatur
957 3194 1169 3257 testinnonium
1183 3195 1281 3259 bonae

108 3290 328 3369 conscientiae,
349 3293 427 3370 quod
447 3292 577 3354 animum
595 3292 766 3355 dulcissima
788 3291 940 3369 voluptate
961 3293 1121 3369 pertundit.

111 3470 270 3519 conscientia
281 3484 398 3529 erronea3
411 3469 450 3517 lex
460 3475 546 3518 autem
558 3482 664 3518 erronea
682 3470 736 3521 dari
753 3484 803 3518 non
815 3475 911 3532 potest:
922 3484 982 3517 nam
992 3484 1022 3518 eo
1034 3470 1091 3534 ipso
1107 3484 1158 3518 non
1170 3468 1281 3530 eritle13

113 3548 187 3613 quod
202 3550 307 3599 maxime
323 3564 411 3599 varum
427 3550 509 3599 estin
525 3550 580 3612 lege
599 3548 716 3606 naturali,
732 3562 799 3612 qnae
816 3548 898 3597 Deum
917 3548 993 3597 habet
1012 3556 1149 3597 auctorem
1166 3549 1283 3611 Denique

112 3630 156 3677 lex
173 3628 271 3691 proprie
287 3630 368 3680 fertur
384 3630 415 3679 de
431 3629 545 3693 agendis,
563 3630 718 3678 conscientia
740 3635 825 3677 autem
844 3628 921 3676 etiarn
943 3632 1061 3676 versatur
1077 3629 1145 3677 circa
1161 3643 1200 3685 aa,
1216 3642 1283 3691 quae

110 3710 167 3759 iam
185 3706 251 3759 laeta
267 3714 336 3769 sunt3
350 3715 375 3757 et
390 3709 447 3758 ideo
463 3707 498 3757 ilii
515 3708 636 3758 tribuitur
651 3722 701 3757 non
718 3707 900 3770 solumligare,
911 3708 956 3757 sed
972 3721 1100 3765 accusare,
1110 3706 1241 3755 testificari
1256 3713 1285 3757 et

112 3788 286 3839 defendere.»
301 3790 341 3837 De
358 3788 468 3852 tepidus,
484 3788 506 3837 l.
522 3786 546 3849 2,
562 3803 584 3838 c.
601 3790 623 3837 5.

160 3868 195 3931 (l)
211 3868 289 3917 Falsa
305 3867 383 3932 igitur
397 3868 547 3917 Heinecciue
558 3869 609 3929 (De
619 3868 682 3917 imre
697 3876 755 3917 nat.
768 3875 795 3915 et
807 3874 877 3931 pent.
894 3865 910 3915 l.
928 3866 944 3924 l,
960 3880 981 3914 c.
994 3864 1017 3924 2,
1034 3870 1048 3921 ς
1064 3865 1104 3926 45)
1119 3865 1283 3927 reprehendit

111 3963 166 4009 eos,
183 3949 227 4012 qui
251 3949 361 4011 repentae
384 3962 476 3997 nomen
500 3948 668 3997 conscientiae
693 3948 816 4003 tribuunt,
837 3960 914 4009 qnam
939 3945 1049 4008 nepetae
1075 3945 1283 4007 applicationem

112 4030 199 4093 potius
210 4028 339 4077 contendit
350 4043 408 4078 esse
423 4027 562 4077 dicendam.
574 4027 625 4078 Sed
641 4027 666 4074 in
678 4028 727 4075 hoc
746 4027 769 4075 ei
786 4024 874 4075 similis
890 4025 998 4081 videtur,
1008 4024 1051 4087 qui
1062 4024 1200 4088 sphaeram
1210 4026 1286 4076 horo·

111 4106 174 4171 logii
187 4107 272 4157 metiri
288 4108 365 4157 horas
382 4106 465 4156 dicere
481 4105 564 4165 nollet,
580 4111 716 4169 propterea
733 4106 801 4167 qnod
817 4104 842 4153 id
859 4104 936 4153 saciat
951 4109 1022 4152 motu
1038 4103 1070 4152 ab
1087 4104 1191 4155 elaterio
1203 4106 1285 4155 eidem

112 4187 311 4248 communicat03
323 4192 368 4236 aut
379 4192 486 4249 negaret
497 4200 572 4235 nares
583 4184 699 4241 olfacere,
709 4183 769 4247 quia
779 4184 805 4231 id
817 4183 917 4233 nonnisi
928 4184 1028 4233 animae
1038 4184 1135 4233 virtute
1147 4190 1285 4249 praestent.

112 4268 237 4317 Fatemur
253 4266 436 4317 conscientiam
452 4280 508 4315 esse
519 4264 582 4327 legis
595 4262 796 4329 applicationem,
807 4270 882 4327 atque
894 4277 926 4311 ex
940 4278 972 4313 ea
988 4264 1039 4313 rim
1049 4278 1151 4313 omnem
1161 4265 1286 4314 mutuari:

112 4354 142 4397 at
156 4348 207 4397 hoc
222 4348 279 4412 ipso
295 4346 386 4411 regula
403 4344 525 4411 appellari
542 4350 633 4409 potest,
646 4342 769 4407 siqnidem
783 4357 874 4393 revera
889 4344 1063 4409 operationem
1077 4345 1211 4408 gubernat
