3159 4934
292 305 347 362 3t6
616 317 658 360 rus
675 317 799 360 mruaarr
817 335 827 345 -
845 316 912 359 rans
930 314 956 357 u.
974 316 1017 359 rus
1034 314 1141 359 sacrata

292 429 481 494 nihilomiuus
502 430 678 510 quandoque
698 430 854 493 condictus
875 438 904 493 et
925 429 1161 509 perturbationes
1188 427 1332 501 oriuntur,
1355 426 1388 487 id
1414 426 1482 487 hu-

292 545 396 591 manae
417 528 561 593 uoluntati
583 530 654 592 vitio
675 528 846 592 vertendum
868 535 924 602 est,
943 543 1020 606 quae
1040 534 1074 588 ut
1094 525 1248 605 cupiditati
1270 522 1481 595 obsecundet,

291 625 424 688 adivina
443 626 624 689 ordinatione
644 642 675 689 se
695 626 853 688 subtrabit.
868 626 910 688 ht
931 640 1082 704 perperam
1104 640 1141 687 ex
1162 626 1254 687 abusu
1275 625 1414 686 humano
1432 620 1476 681 ad

291 723 446 787 veritatem
467 724 654 788 inficiandum
675 730 881 803 argumentum
903 724 996 787 tieret.

758 982 928 1047 Anmuuuus
950 981 985 1046 II.

689 1114 739 1180 De
759 1114 881 1179 iuribus
901 1112 1068 1179 Ecclesiae.

205 1282 316 1452 >Ns
334 1308 400 1375 124.
422 1307 494 1378 lura
521 1307 684 1378 Ecclesiae
710 1316 782 1378 sunt
811 1307 1085 1381 terechristus
1112 1312 1201 1374 bomo
1229 1307 1403 1371 individuus
1437 1315 1470 1371 et

265 1457 273 1491 i

291 1426 425 1489 quaeque
445 1410 572 1474 societas
602 1410 718 1490 propria
741 1412 869 1489 possidet
898 1410 974 1484 iura,
994 1424 1030 1473 err
1052 1410 1116 1487 ipsa
1145 1408 1210 1471 eius
1233 1414 1336 1469 natura
1366 1405 1472 1469 dima·
1567 1448 1568 1453 ι

293 1509 403 1587 nantia,
417 1510 525 1588 quibus
541 1509 662 1586 proinde
674 1509 796 1588 spellari
810 1507 925 1587 nequit;
943 1508 987 1570 sic
1008 1508 1096 1571 etiam
1112 1505 1247 1569 Ecclesia
1268 1504 1329 1566 suis
1343 1502 1471 1567 iuribus

293 1613 416 1669 ornatur
446 1606 665 1680 essentialibus,
691 1622 768 1685 quae
788 1606 826 1669 ab
847 1606 911 1683 ipsa
934 1606 1050 1668 detrahi
1075 1603 1156 1667 nulla
1187 1603 1299 1666 ratione
1326 1609 1470 1681 possunt.

291 1702 394 1778 Immo,
406 1704 432 1765 si
443 1688 490 1767 re‘s
501 1714 640 1767 accurate
653 1704 864 1776 consideretur,
876 1715 944 1767 cum
959 1702 1091 1767 Ecclesia
1108 1704 1144 1764 sit
1158 1702 1322 1780 proprietas
1337 1698 1471 1782 Christi,

292 1801 343 1880 qui
358 1801 491 1864 eiusdem
505 1812 595 1880 caput
608 1811 653 1864 est
666 1809 696 1865 et
710 1818 772 1876 rex,
787 1802 898 1865 vicaria
913 1809 1027 1864 tautum
1042 1807 1187 1878 potestate
1200 1816 1218 1862 a
1233 1814 1371 1877 supremo
1386 1795 1470 1860 Pou-

295 1899 377 1960 tifice
398 1907 651 1977 repraesentatus;
673 1900 738 1962 tura
759 1897 911 1963 Ecclesiae
931 1898 1032 1962 eadem
1053 1908 1122 1960 suut
1142 1904 1231 1975 atque
1251 1898 1316 1959 iura
1338 1894 1464 1959 Christi.

296 1992 395 2069 Quare
406 2012 461 2058 nou
476 1997 569 2060 solum
583 1996 760 2060 inviolabilia
775 2004 885 2060 suntet
895 2012 994 2061 sacra:
1009 1996 1215 2061 verumetiam
1227 2003 1308 2058 anta
1319 1995 1464 2073 dignitate

295 2092 431 2166 eminent,
452 2101 486 2156 ut
507 2094 610 2157 merito
633 2109 685 2172 pro
706 2094 813 2157 divinis
834 2095 1007 2157 habeantur.
1029 2092 1106 2157 Hinc
1127 2093 1320 2172 consequitur
1342 2099 1372 2154 ut
1392 2091 1469 2170 qui·
1569 2118 1570 2123 .

294 2190 424 2254 buslibet
437 2191 504 2253 aliis
518 2191 631 2254 iuribus
644 2192 675 2254 iu
689 2192 838 2255 collisione
859 2192 1054 2271 praevaleant,
1071 2208 1107 2255 ac
1126 2192 1204 2255 laedi
1222 2199 1275 2253 aut
1298 2190 1469 2269 praepediri

295 2289 364 2375 sine,
367 2290 564 2360 atrocissimo
585 2290 740 2369 sacrilegio
760 2306 815 2353 uon
839 2291 962 2369 possint.

314 2370 408 2449 ‘Cum
422 2403 477 2450 nou
492 2387 540 2449 ius
553 2387 735 2460 canonicum,
750 2389 801 2450 sed
817 2389 864 2450 ius
881 2387 1015 2451 naturale
1035 2395 1209 2461 tractemus,
1224 2394 1254 2449 et
1275 2388 1312 2451 de
1326 2384 1467 2450 Ecclesia

291 2501 349 2549 nou
373 2501 410 2547 ea
432 2487 571 2563 prolesso,
594 2494 681 2565 prout
701 2487 826 2549 materia
848 2487 1018 2566 requireret,
1040 2486 1092 2549 sed
1114 2488 1297 2563 summatim,
1319 2492 1466 2565 quantum

291 2590 436 2667 generalis
450 2590 547 2667 aliqua
568 2592 648 2653 notio
670 2591 791 2669 patitur,
806 2590 1003 2664 disseramus;
1018 2605 1074 2653 nou
1095 2590 1194 2653 omnia
1212 2588 1364 2653 Ecclesiae
1386 2589 1465 2680 iura,

292 2686 345 2748 sed
360 2688 471 2764 potiora
486 2695 600 2752 tantum
615 2688 777 2767 etquidem
793 2705 848 2751 uon
863 2696 924 2751 tam
944 2688 1139 2769 explicatione
1159 2704 1250 2767 quam
1267 2690 1367 2767 potius
1383 2704 1465 2752 mera
1571 2710 1572 2721 ι

294 2782 473 2847 indicatione
493 2784 701 2848 delibabimus.

713 2977 1038 3047 PROPOSITIO'NES.

271 3156 314 3274 ’ί
334 3172 400 3238 125.
416 3173 590 3242 Phorosrrro
607 3177 649 3241 1¹.
664 3177 807 3241 Ecclesia
827 3178 878 3239 ius
897 3174 989 3241 labet
1007 3194 1040 3239 sc
1057 3176 1260 3259 propapanrii
1277 3134 1350 3257 per¹
1365 3180 1464 3241 totum

291 3271 512 3353 praemelium
533 3279 681 3337 renuente
700 3274 786 3338 ciuili
799 3278 962 3354 potestate.
1139 3269 1142 3275 ’

332 3368 418 3434 Prob.
435 3368 499 3435 Hoc
518 3372 566 3433 ius
586 3373 734 3436 evidenter
754 3376 868 3436 eruitur
888 3389 924 3437 ex
944 3374 1050 3451 officio,
1064 3373 1141 3452 quod
1156 3372 1296 3437 Christus
1310 3372 1468 3437 Ecclesiae

294 3469 444 3547 imposuit,
465 3470 653 3548 praedicandi
674 3468 866 3550 Evangelium
886 3472 916 3533 iu
938 3472 1075 3534 universo
1095 3470 1215 3545 mundo,
1236 3478 1267 3535 et
1289 3472 1402 3550 ubique
1422 3487 1470 3533 re·

293 3567 449 3644 generandi
470 3567 602 3631 homiues
616 3568 738 3630 salutari
753 3568 881 3631 lavacro.
898 3566 942 3631 Eu
958 3566 1072 3631 Christi
1094 3569 1198 3632 rerba:
1214 3566 1304 3631 Data
1318 3572 1369 3631 cst
1390 3567 1472 3633 milti

293 3666 379 3726 omni
398 3668 540 3744 mlestus
566 3666 603 3728 in
629 3664 712 3729 caelo
739 3669 770 3729 et
793 3667 827 3729 iu
857 3669 953 3729 terra.
973 3664 1098 3728 Eurotas
1126 3682 1199 3745 erpo
1226 3664 1330 3729 docete
1359 3684 1470 3731 omues

290 3763 413 3841 pentem
424 3761 619 3842 baptizantes
633 3782 684 3827 eos
697 3763 732 3826 iu
746 3764 870 3827 ucmiue
883 3762 995 3826 Patris
1009 3765 1039 3827 et
1049 3760 1133 3825 Filii
1148 3765 1178 3825 ct
1188 3761 1331 3843 Spiritus
1342 3761 1469 3836 Sancti,

191 3912 199 3931 ,
295 3855 435 3922 demades
455 3878 505 3923 eos
531 3873 658 3923 servare
678 3861 791 3938 omnia,
814 3878 1021 3942 quaecamque
1047 3858 1198 3923 mandavi
1218 3858 1303 3924 uobis
1326 3860 1380 3942 (1).
1403 3859 1468 3937 Ouo

294 3952 358 4019 loco
368 3958 582 4021 observandum
595 3966 651 4035 est,
662 3961 740 4039 quod
755 3958 893 4023 Christus
908 3960 1000 4021 mittit
1010 3958 1168 4038 Apostolos
1183 3959 1223 4022 ad
1233 3969 1467 4047 Quies

201 4106 205 4111 ,
295 4052 386 4115 mittit
399 4055 623 4143 independenter
637 4075 654 4122 a
670 4058 755 4121 venia
769 4056 956 4136 Principum;
976 4058 1066 4120 mittit
1082 4058 1109 4119 vi
1125 4056 1281 4121 absolutae
1297 4056 1468 4135 potestatis,

342 4259 375 4321 (l)
391 4260 496 4312 Murra.
512 4266 625 4324 XXVIII,
641 4268 679 4325 18,
696 4269 733 4329 19,
748 4270 786 4319 20.
