3159 4934
372 418 457 462 meur
475 419 502 462 ιι
519 419 554 462 ιιι
571 418 712 462 sucurram
729 419 811 462 crunni
1159 405 1212 465 ete

48 531 130 606 moli;
156 530 205 594 ille
225 537 325 594 contra
351 529 501 616 partibus
504 539 623 618 constat
608 530 878 629 beterogeneis
859 539 889 595 et
892 532 1049 612 peculiari
1064 540 1215 616 structura

48 629 170 702 donatis,
191 643 266 708 quae
287 627 373 691 insita
395 629 504 692 uirtute
517 609 677 708 operantur
699 644 752 707 pro
772 616 862 708 scopu
883 628 1066 709 singularum
1088 633 1217 710 proprio.

47 725 187 805 Exemplo
202 726 241 788 sit
255 741 363 804 corpus
376 725 587 800 humanum,
564 742 607 788 ιιι
623 725 714 788 variis
730 725 895 789 coalescens
909 729 1063 802 membris,
1079 737 1218 808 utcapnt

48 823 170 886 nonsibi
187 823 317 886 vindicet
335 823 466 887 officium
487 832 662 898 ceterorum,
678 822 730 886 sed
751 831 916 887 eatautum
931 823 1113 907 moderatur,
1129 835 1217 904 prout

47 921 228 986 incolumitas
249 919 340 1001 exigit
362 923 453 984 totius
474 921 640 999 compositi.
659 920 712 986 Vel
733 922 822 984 etiam
844 921 978 1002 exemplo
999 922 1039 984 sit
1058 924 1210 989 harmonia

46 1022 214 1086 facultatum
230 1024 440 1098 humanarum3
464 1037 540 1102 quae
553 1033 633 1087 certe
646 1023 688 1086 ita
704 1023 817 1086 unitate
837 1023 996 1102 donantub,
1011 1030 1046 1086 ut
1061 1040 1209 1103 suprema,

52 1135 149 1198 nempe
169 1119 256 1195 ratio,
278 1128 391 1184 ceteras
411 1127 504 1200 reget,
519 1121 571 1185 sed
592 1135 779 1200 nequaquam
801 1119 967 1196 absorbeat,
982 1113 1036 1186 neo
1049 1121 1079 1184 in
1093 1122 1137 1184 sui
1152 1137 1215 1187 me-

52 1234 97 1280 ras
111 1219 308 1282 derivationes
328 1224 488 1282 convertat.

84 1312 235 1383 Structura
257 1315 383 1392 socialis,
399 1331 474 1394 quae
489 1315 618 1394 primum
639 1323 754 1395 typum,
768 1332 872 1395 nempe
883 1317 1128 1397 montanismum,
1143 1318 1212 1380 imi-

47 1421 130 1488 tatur,
140 1421 314 1491 conceptum
329 1414 475 1476 humanae
490 1414 639 1478 societatis
652 1413 765 1478 evertit.
778 1411 933 1493 Fundetur
942 1415 1020 1478 enim
1035 1414 1065 1477 in
1074 1414 1209 1479 doctrina

46 1500 318 1591 Rousseavii,'quae
338 1511 424 1574 docet
443 1513 613 1574 societatem
613 1511 768 1589 proxime
788 1511 938 1574 efformari
958 1528 995 1576 ex
1016 1512 1106 1574 meris
1134 1512 1212 1576 indi-

45 1609 147 1684 uiduis,
165 1625 242 1691 quae
262 1609 359 1672 omnia
380 1609 445 1672 iura
468 1627 483 1672 a
506 1624 537 1672 se
557 1603 758 1673 abdicaverint
772 1619 803 1672 et
816 1609 845 1672 in
860 1625 968 1687 eorpus
983 1605 1091 1673 sociale
1112 1617 1209 1673 trans-

47 1708 167 1770 tulerint.
179 1706 266 1781 Quod
281 1705 530 1771 absurdissimum
544 1723 609 1770 esse
624 1707 758 1785 proxime
771 1707 1051 1770 demonstrabimus.
1074 1706 1206 1772 Societas

45 1805 156 1884 politica
178 1821 235 1869 non
257 1807 345 1870 rebus
367 1805 418 1868 sed
440 1806 575 1884 personis
596 1804 745 1880 coalescit,
761 1812 791 1868 et
807 1790 1209 1883 processu-namralissi-

45 1904 156 1967 notibus
171 1904 362 1968 societatibus
382 1903 529 1984 gradatim
550 1904 693 1983 exsmgit.
708 1901 793 1968 Unde
806 1901 1031 1983 cirespropriis
1051 1904 1166 1968 iuribus
1179 1914 1210 1968 ct

44 2001 172 2066 libertate
185 2003 332 2080 gaudent3
347 2007 436 2080 alque
449 2000 514 2064 ideo
527 2001 647 2080 propria
661 2001 814 2064 actiuitnte
829 2001 873 2062 uti
889 2010 1012 2080 possunt
1027 2018 1080 2079 pro
1100 2002 1209 2066 tinibus

43 2099 215 2178 quibusdam
237 2099 465 2179 particularibus
483 2099 683 2178 assequendis,
694 2097 733 2160 ad
753 2097 783 2160 id
799 2107 918 2161 mutuas
932 2098 1011 2163 uires
1031 2099 1121 2163 simui
1142 2116 1211 2163 oon·

44 2198 169 2290 ferentes.
185 2195 283 2272 Heus
276 2215 323 2260 rus
343 2197 561 2262 associationes
582 2183 761 2275 appellatum
776 2197 1146 2276 quodaiffidreiemmuu
1163 2207 1210 2260 est

44 2283 98 2357 uisi
114 2297 171 2372 ius,
196 2295 304 2375 cuique
328 2295 439 2358 homini
459 2313 477 2357 a
500 2305 602 2358 natura
627 2294 761 2370 insitum,
777 2295 903 2383 iurandi
919 2310 950 2377 se
971 2293 1095 2358 aliorum
1117 2295 1209 2358 libero

42 2408 190 2472 concursu,
212 2407 266 2472 pro
280 2393 386 2471 aliquo
396 2391 519 2456 honesto
539 2394 597 2456 tine
617 2392 827 2456 consectando
839 2383 888 2456 Sic
903 2392 1037 2456 oriuntur
1051 2391 1207 2479 consortia,

45 2491 78 2552 ad
97 2500 183 2588 artes,
199 2491 385 2565 industriam,
399 2491 618 2565 commercium,
631 2490 761 2566 litteras,
774 2491 913 2556 scientias
926 2490 1115 2569 pertinentia,
1129 2503 1206 2569 quae

43 2587 107 2652 licet
127 2605 266 2669 supremo
281 2583 424 2668 principio
445 2577 565 2668 politico
586 2589 736 2652 subiectae
756 2595 834 2662 sunt,
853 2595 999 2667 quatenus
1020 2605 1037 2652 a
1059 2591 1207 2653 communi

43 2687 183 2750 societatis
205 2703 294 2766 scopo
314 2688 449 2751 deerrare
468 2704 524 2751 non
545 2689 664 2761 debent;
688 2695 785 2752 tamen
807 2689 921 2776 interno
942 2691 1010 2765 tine,
1030 2677 1144 2754 interna
1166 2691 1206 2766 vi,

43 2783 148 2850 interno
162 2795 255 2864 motu,
276 2785 398 2848 internis
412 2785 527 2864 legibus
542 2786 679 2865 gaudent,
693 2787 802 2866 quibus
816 2787 938 2866 spoliari
952 2788 1014 2852 siue
1028 2785 1136 2852 iniuria
1150 2804 1208 2852 uon

44 2892 164 2958 possum.
180 2881 262 2948 Idem
278 2900 294 2946 a
308 2884 422 2947 fortiori
436 2883 591 2946 dicendum
605 2893 652 2947 est
666 2885 702 2948 de
716 2884 852 2959 familiis3
867 2896 952 2964 quae,
970 2894 1002 2948 ut
1016 2886 1045 2949 in
1061 2886 1207 2965 superiori

44 2982 234 3059 propositione
248 2979 523 3056 demonstrauimus,
538 2997 605 3045 vera
622 2991 691 3046 suut
705 2983 837 3046 ciuitatis
852 2983 1005 3060 demeum,
1021 2991 1110 3064 atque
1123 2985 1208 3064 prius

42 3077 68 3139 in
87 3081 246 3160 municipia
267 3081 454 3162 colligantur,
475 3097 563 3161 quam
585 3082 737 3159 amplioris
760 3082 911 3144 societatis
932 3084 1008 3144 fiant
1028 3091 1139 3160 partes.

77 3175 152 3243 linc
171 3179 347 3260 intelligitur
366 3180 436 3258 quid
459 3179 648 3242 iudicandum
670 3179 709 3241 sit
731 3179 768 3242 de
788 3179 995 3258 intemperanti
1017 3179 1068 3244 illo
1085 3183 1208 3243 centro·

41 3271 185 3354 lisanum
207 3279 303 3352 ιιιιιιι;
323 3294 381 3358 quo
403 3276 553 3340 inferiores
568 3276 724 3340 societates
745 3278 1000 3356 omnispoutaueo
1019 3285 1099 3341 motu
1114 3278 1206 3341 desti-

42 3380 116 3437 tutae
136 3391 191 3438 ιιι
212 3375 298 3438 aliter
317 3370 530 3453 concipiuntur,
551 3389 640 3454 quam
663 3382 697 3436 ιι
718 3382 801 3438 rotae
818 3382 853 3437 ιι
873 3376 978 3439 ιιιιιιι
1000 3375 1144 3454 quaedam
1161 3375 1206 3436 in-

41 3476 197 3536 strumenta
219 3473 256 3535 ad
278 3482 401 3547 motum,
425 3471 542 3535 aliunde
567 3471 757 3550 impressum,
784 3473 1013 3552 exsequendum.
1036 3470 1068 3537 ld
1097 3472 1204 3536 rationi

42 3579 187 3649 repugnat,
207 3579 239 3634 ιι
258 3572 313 3650 ipsi
334 3571 512 3636 incremento
534 3571 600 3635 boni
621 3570 739 3652 socialis
759 3577 808 3633 est
827 3571 956 3633 maxime
976 3570 1106 3633 noxium.
1126 3567 1203 3633 Nam

43 3666 181 3732 sociorum
203 3670 281 3732 uires
300 3675 429 3742 enervat,
449 3685 485 3732 ac
506 3669 626 3746 proinde
646 3669 797 3732 societatis
816 3667 926 3746 ipsius,
946 3683 1023 3746 quae
1044 3683 1099 3732 nou
1119 3667 1207 3730 aliter

41 3762 110 3825 vivit
129 3774 157 3828 et
176 3767 372 3846 progreditur,
386 3766 444 3828 uisi
461 3766 522 3829 vita
544 3776 574 3830 et
596 3781 751 3846 progressu
774 3763 958 3844 singulamm
982 3765 1119 3843 partium,
1136 3764 1206 3828 licet

40 3861 93 3922 sub
113 3865 308 3928 moderamine
329 3878 484 3942 supremae
506 3863 660 3927 cuiusdam
683 3862 812 3938 uirtutis
825 3878 903 3941 quae
922 3879 972 3925 eas
990 3863 1102 3933 unitate
1117 3863 1206 3926 donet

40 3959 121 4022 etad
142 3963 229 4025 finem
252 3963 342 4027 totius
363 3963 494 4040 corporis
516 3960 633 4041 diriget.
