3159 4934
409 414 494 458 carun
511 415 537 454 u.
557 416 592 458 un
609 413 750 457 socrerlre
768 413 848 456 crvrm
1161 399 1215 458 953

32 537 84 594 est
106 529 304 610 organismos,
325 529 355 592 in
377 543 463 608 quem
485 531 544 594 vim
566 545 650 592 suam
674 536 818 592 exerceat.
840 527 885 592 Eu
912 529 1086 609 primigenia
1110 540 1141 594 et
1160 549 1213 596 na·

36 626 253 705 turalisorigo
273 635 428 691 concretae
448 628 605 706 potestatis
625 627 734 701 civilis;
756 643 842 706 quac,
866 629 904 690 ad
930 629 1055 706 primam
1080 630 1210 693 radicem

34 725 122 806 quod
143 725 257 800 attinet,
279 740 347 789 cum
370 732 490 803 paterna
503 725 678 788 auctoritate
699 725 899 800 confunditur·
916 742 951 789 ac
967 727 1086 804 proinde
1099 744 1135 792 ex
1150 731 1208 793 bac

34 825 132 888 etiam
149 833 232 903 parte
246 825 415 888 immediate
430 823 561 902 procedit
574 840 591 887 a
607 821 678 903 Deo,
689 839 729 885 en
742 841 813 903 quo,
827 830 860 886 ut
873 824 916 886 ait
926 825 1097 903 Apostolus,
1111 825 1212 889 omnis
1314 828 1318 834 “

31 922 220 1003 paternitas
241 921 274 983 in
295 919 378 985 coelo
398 923 428 984 el
448 921 483 984 ln
504 924 590 984 terro
608 921 791 985 nominator
813 919 863 1001 (l).

82 1017 185 1084 Brevi:
207 1035 276 1112 cum
296 1036 313 1082 a
335 1019 484 1082 societatis
504 1026 647 1096 conceptu
667 1027 697 1082 et
717 1020 891 1084 exsistentia
904 1021 951 1082 ins
969 1020 1124 1084 ordinandi
1139 1023 1215 1085 mul·

37 1118 200 1181 titudinem
221 1117 300 1180 demi
321 1124 462 1196 nequeat;
483 1132 603 1180 necesse
624 1125 670 1180 est
690 1124 723 1180 ut
743 1117 815 1179 illud
836 1117 934 1196 ipsum
956 1118 1036 1196 quod
1049 1119 1214 1182 naturalem

38 1215 186 1294 originem
208 1215 313 1277 tribuit
333 1223 486 1279 concretae
500 1216 644 1292 societati,
658 1216 770 1280 tribuat
783 1215 873 1279 etiam
889 1217 1053 1281 naturalem
1071 1219 1214 1297 originem

38 1311 197 1377 concretae
219 1313 366 1391 potestati.
387 1311 480 1393 Atqui
502 1315 629 1394 primum
655 1312 783 1377 lamiliae
809 1315 958 1393 competit.
980 1313 1063 1394 Ergo
1085 1316 1215 1379 familiae

39 1411 184 1490 competit
205 1411 293 1474 etiam
314 1413 484 1476 secuudum.
499 1409 598 1486 Quare
618 1413 697 1475 sicut
716 1412 876 1476 multitudo
890 1412 987 1476 ciuilis
1001 1421 1047 1475 est
1060 1414 1214 1492 ampliatio

39 1509 190 1589 quaedam
202 1510 396 1580 multitudinis
407 1511 594 1590 domesticae,
605 1511 690 1573 novis
701 1511 892 1574 relationibus
906 1510 1043 1585 indutae;
1056 1513 1100 1574 sic
1110 1520 1217 1576 aucto-

40 1611 119 1672 ritas
140 1608 237 1672 civilis
258 1618 305 1673 est
319 1609 471 1690 ampliatio
484 1610 628 1688 quaedam
642 1609 830 1673 auctoritatis
843 1608 1036 1683 domesticae,
1050 1609 1135 1672 novis
1154 1609 1216 1671 illis

42 1707 236 1770 relationibus
257 1708 428 1771 ordinandis
441 1709 617 1787 applicatae.
633 1706 732 1786 Atque
752 1707 783 1769 in
804 1707 932 1769 levorem
948 1707 1038 1768 buius
1053 1705 1215 1782 sententiae

43 1805 176 1885 torqueri
197 1815 318 1885 pnsseut
330 1822 376 1882 ea,
395 1823 472 1886 quae
492 1805 522 1872 S.
537 1805 676 1884 Thomas,
690 1804 882 1870 Aristotelem
902 1820 1062 1884 exponens,
1078 1811 1216 1880 testatur,

42 1906 193 1984 inquiens:
217 1927 235 1962 e
249 1903 352 1969 Omnis
372 1906 478 1970 domus
493 1907 605 1986 regitur
626 1907 664 1968 ab
685 1903 784 1983 aliquo
798 1904 1018 1983 antiquissimo,
1039 1903 1120 1967 sicut
1133 1920 1151 1966 a
1165 1919 1217 1982 pa·

43 2002 220 2065 trelamilias
240 2011 381 2082 reguntur
402 2002 464 2064 dlii.
478 1999 518 2066 Et
538 2003 642 2066 exinde
656 2002 800 2080 contingit
811 2003 891 2080 quod
905 2003 998 2066 etiam
1012 2009 1075 2066 tnta
1096 2001 1216 2076 ricinia,

43 2115 122 2178 quae
142 2106 205 2162 crat
225 2101 360 2162 instituta
382 2117 418 2163 ex
439 2101 670 2180 consangnineis,
692 2101 848 2178 regebatur
869 2108 989 2178 propter
1009 2100 1213 2181 cognationem

44 2199 84 2258 ab
104 2197 215 2276 aliquo,
233 2199 286 2276 qui
306 2206 371 2261 erat
392 2198 561 2277 principalis
581 2199 612 2260 in
632 2198 815 2278 cognatione,
836 2198 916 2261 sicut
937 2198 1045 2260 civitas
1068 2197 1181 2275 regitur
1198 2213 1217 2258 a

43 2309 123 2372 rege.
144 2293 214 2358 ldeo
234 2305 332 2360 autem
354 2296 411 2359 boc
432 2297 561 2374 regmen
580 2313 598 2358 a
615 2296 751 2359 domibus
770 2303 801 2358 et
821 2295 895 2358 vicis
916 2297 1064 2372 processit
1088 2295 1127 2356 ad
1142 2295 1219 2356 civi-

45 2399 150 2467 tatem,
170 2394 238 2472 quia
259 2393 369 2456 diversi
390 2395 448 2458 rici
462 2403 531 2458 suut
544 2396 622 2459 sicut
636 2396 745 2458 civitas
760 2395 896 2473 dispersa
913 2394 944 2456 iu
958 2393 1094 2455 diversas
1108 2402 1216 2470 partes.

45 2487 96 2554 Sic
110 2503 182 2569 ergo
194 2498 276 2570 patet
289 2492 367 2571 qnod
381 2495 510 2572 regimen
522 2494 601 2573 regis
614 2510 702 2572 super
715 2495 868 2557 civitatem
880 2492 927 2555 rel
943 2499 1058 2571 gentem
1072 2492 1217 2570 prooessit

43 2605 61 2651 a
84 2588 227 2666 regimine
247 2591 420 2670 antiquioris
441 2587 471 2654 in
492 2592 579 2654 domo
600 2592 646 2656 vel
667 2592 733 2654 vico
747 2590 802 2672 (2).
815 2614 833 2648 »

85 2683 166 2749 Hinc
180 2686 353 2767 intelligitur
367 2704 422 2752 cur
435 2690 500 2751 iura
514 2689 605 2768 regia,
619 2690 707 2752 etiam
722 2688 800 2752 ritae
813 2695 843 2751 et
854 2689 945 2763 neeis,
958 2688 987 2749 in
998 2674 1218 2766 antiquissimis

44 2782 177 2858 familiis,
191 2786 319 2848 nondum
333 2785 450 2849 civilem
464 2787 634 2850 societatem
645 2787 877 2860 ellormantlbus,
889 2785 1097 2864 patrifamilias
1110 2786 1220 2850 tribue-

44 2883 171 2956 bantur3
191 2899 316 2961 quorum
338 2883 479 2962 reliquiae
499 2883 653 2947 nonnullae
676 2883 706 2946 in
728 2884 938 2962 posterioribus
962 2885 1109 2947 aetatibus
1139 2884 1219 2962 apud

45 2979 159 3042 multas
183 2988 284 3058 gentes
310 2982 525 3060 superfuerunt.
545 2979 723 3060 iutelligitur
747 2981 838 3044 etiam
862 2997 916 3044 cur
943 2982 1041 3060 prima
1065 2982 1219 3060 regiminis

45 3080 151 3152 forma,
171 3095 247 3157 quae
267 3079 346 3158 apud
367 3080 584 3143 vetustissimos
598 3080 722 3158 populos
737 3079 885 3159 apparuit,
906 3095 963 3144 non
976 3079 1065 3143 luerit
1082 3079 1139 3142 nisi
1154 3094 1220 3142 mo·

46 3177 205 3240 uarehica:
227 3175 417 3256 Audquuus
437 3195 542 3242 omnes
563 3174 750 3257 repedantur
770 3176 895 3258 rapidus
911 3174 963 3257 (3).

429 3405 603 3472 Solvuntur
622 3405 837 3488 difficultates.

91 3563 138 3629 58.
164 3563 256 3631 Odiic.
277 3566 299 3632 l.
322 3565 432 3632 Omnes
453 3571 586 3634 homines
607 3578 676 3632 sunt
696 3567 894 3638 essentialiter
919 3565 1056 3644 aequales
1078 3565 1155 3626 inter
1176 3579 1220 3637 se,

49 3679 105 3727 nec
118 3672 222 3728 natura
236 3681 391 3744 personam
404 3666 492 3729 ullam
508 3667 651 3745 designat,
665 3667 696 3728 iu
707 3681 766 3746 qua
780 3665 945 3729 auctoritas
961 3663 1088 3726 residere
1104 3662 1218 3724 debeat.

48 3759 131 3841 Ergo
151 3763 294 3828 eiusmodi
315 3764 519 3829 determinatio
540 3766 651 3829 nonnisi
673 3782 690 3828 a
711 3772 865 3828 contractu
882 3762 973 3840 repeti
996 3768 1095 3838 potest
1108 3767 1137 3822 et
1153 3759 1221 3822 ali·

48 3863 121 3924 bera
142 3864 355 3940 paciscentium
377 3863 535 3927 voluntate.

90 3958 127 4025 R.
149 3956 234 4026 Dici.
258 3962 382 4040 primam
405 3971 519 4040 partem
540 3959 688 4024 maioris:
705 3957 814 4022 Omnes
835 3958 969 4021 homines
991 3964 1060 4018 sunt
1077 3955 1218 4018 essentia·

48 4060 117 4123 liter
137 4060 283 4142 aequales,
303 4059 382 4124 idest
405 4075 463 4123 nnn
491 4058 629 4122 differunt
648 4058 679 4119 in
705 4056 859 4136 principiis
879 4054 1088 4118 essentialibus
1114 4061 1169 4117 ant
1188 4052 1219 4113 iu

98 4230 131 4292 (1)
149 4231 191 4280 Ad
206 4230 341 4293 Ephesios,
357 4230 445 4290 111,15.

98 4310 133 4372 (2)
150 4310 177 4358 In
195 4309 232 4357 lm
248 4310 437 4362 Politirorum,
454 4309 511 4357 leot.
530 4307 547 4357 l.

99 4389 135 4454 (3)
151 4391 176 4442 S.
193 4391 313 4450 Tnouas,
328 4389 384 4440 loco
402 4391 488 4438 citato.
