3159 4934
595 334 767 379 rumouucmo
1213 320 1265 381 331

136 445 183 509 lix
210 448 258 509 bis
284 448 330 509 ria
359 450 500 511 sternitur
527 448 564 510 ad
586 448 676 510 buius
699 454 845 511 tractatus
867 448 1056 527 partitionem
1077 449 1265 512 innuendam.

100 542 174 607 Nam
191 546 281 608 bomo
295 544 464 607 individuus
478 545 637 624 dupliciter
650 546 688 608 ad
703 546 777 609 alios
799 546 899 609 referri
915 552 1019 624 potest.
1035 544 1179 621 Primum,
1193 563 1267 625 qua·

100 652 182 706 tenus
197 643 390 707 manu·solius
405 651 527 706 naturae
541 659 609 706 cum
623 644 661 706 iis
675 643 826 723 alligatur,
842 652 931 723 atque
945 645 1010 707 idco
1029 644 1059 705 in
1081 652 1163 707 statu
1177 645 1267 707 etiam

100 741 227 819 solivago
242 742 349 805 officiis
363 742 493 805 iustitiae
507 750 559 804 aut
580 742 789 805 beneficentiae
810 742 1020 822 adstringitur;
1036 743 1151 817 deinde,
1166 750 1270 822 quate-

100 854 165 912 nus,
179 839 317 902 societate
332 840 412 903 ciuili
426 841 597 913 constituta,
611 841 775 917 membrum
789 840 921 903 eiusdem
937 840 1069 918 corporis
1083 841 1196 919 politici
1211 858 1269 904 una

100 950 168 998 cum
189 936 254 999 aliis
273 938 411 1001 efficitur.
434 934 584 1001 Consimili
606 938 665 1000 lere
681 944 767 1016 pacto
787 938 924 1001 diversae
944 937 1131 1016 respublicae
1151 947 1204 1001 aut
1219 955 1271 1001 ua·

102 1034 194 1099 tiones
213 1035 363 1113 duplicem
386 1035 648 1099 considerationem
670 1036 877 1112 praeseferunt.
894 1033 1026 1098 Primum
1047 1036 1124 1097 enim
1140 1036 1269 1115 spectari

103 1123 219 1213 pbssnut
241 1133 270 1194 in
291 1140 371 1212 statu
394 1148 475 1195 mere
496 1134 602 1210 nativo,
616 1140 761 1212 quatenus
782 1148 915 1197 seorsum
931 1149 999 1197 cnm
1014 1141 1117 1197 mutua
1132 1134 1270 1213 indepen·

100 1229 197 1292 deutia
217 1238 414 1306 enascuntur;
436 1230 550 1305 deinde,
570 1238 716 1309 quatenus
737 1231 775 1293 ad
797 1231 967 1294 societatem
989 1247 1077 1293 unam
1098 1231 1270 1296 internatio-

100 1327 194 1391 nalem
216 1326 361 1391 stabiliter
381 1328 592 1390 edormaudam
612 1328 740 1405 impulsu
755 1338 878 1392 naturae
893 1328 1060 1392 incitantur.
1071 1326 1114 1409 Et
1128 1331 1268 1409 qouniam

99 1426 241 1489 eiusmodi
262 1428 416 1505 propensio
438 1428 477 1489 ab
496 1426 569 1504 ipsis
592 1427 717 1504 positive
738 1427 910 1507 complenda
931 1434 985 1499 est,
1007 1428 1190 1491 medactum
1208 1444 1270 1491 sor·

100 1526 205 1599 tiatur;
225 1524 319 1587 oritur
340 1524 409 1587 hinc
435 1530 468 1585 ut
494 1524 639 1602 positivae
662 1525 813 1588 societatis
832 1525 1065 1587 internatiooalis
1086 1527 1268 1598 constitutio,

100 1636 279 1699 quamquam
305 1621 450 1683 naturalis
475 1621 601 1699 dicatur,
630 1630 784 1700 propterea
810 1622 888 1700 quod
914 1622 1009 1685 ordini
1034 1631 1063 1686 et
1086 1623 1270 1702 propensioni

100 1726 221 1783 naturae
246 1720 417 1798 respondem
439 1729 538 1783 tamen
558 1721 655 1799 quoad
683 1722 899 1785 exsecutionem
929 1738 946 1784 a
975 1722 1124 1785 voluntate
1145 1730 1272 1800 atqnea

100 1817 289 1882 conventione
309 1820 440 1881 bumana
455 1819 631 1898 dependeat:
647 1818 794 1897 siquidem
815 1834 851 1881 ex
866 1818 1039 1898 aequalibus
1061 1828 1090 1883 et
1111 1829 1213 1882 mutuo
1228 1819 1273 1882 in·

101 1916 334 1993 dependentibus
355 1916 489 1994 partibus
514 1917 656 1995 exsurgit.
678 1915 710 1979 ld
740 1933 795 1980 suo
815 1917 880 1981 loco
908 1918 1139 1995 explicabimus;
1161 1926 1192 1979 at
1213 1917 1272 1979 iam

99 2031 177 2079 nunc
200 2015 319 2077 inuuere
341 2014 498 2093 voluimus,
512 2016 550 2076 ad
573 2016 713 2078 materiae
735 2015 920 2093 partitionem
944 2014 1169 2095 proponendam.
1190 2013 1274 2079 Post-

99 2129 189 2193 quam
215 2112 292 2176 euim
322 2112 353 2175 iu
383 2119 462 2175 statu
491 2122 610 2176 mutuae
640 2114 879 2193 independentiae
910 2114 1066 2177 relationes
1100 2112 1272 2191 populorum

102 2220 235 2290 tempore
256 2219 318 2272 tum
335 2212 417 2289 pacis
434 2218 495 2273 tum
511 2211 579 2274 belli
594 2213 850 2291 perpenderimus;
865 2214 901 2276 de
917 2214 1045 2292 positiva
1059 2206 1109 2276 illa
1125 2214 1274 2275 consocia·

101 2310 179 2372 tione
200 2308 332 2388 gentium
353 2308 382 2369 in
404 2324 512 2385 eorpus
535 2326 623 2372 unum
645 2311 867 2374 internatiooale
887 2312 1029 2375 dicemus.
1049 2308 1132 2383 Qube
1153 2310 1273 2388 quidem

100 2406 199 2472 omnia
220 2406 318 2469 tribus
339 2405 489 2470 distinctis
510 2407 659 2484 capitibus
679 2423 898 2487 persequemur.

419 2647 423 2653 ⁵
507 2700 658 2775 carue
684 2702 868 2775 Paruum

315 2904 354 2953 nc
379 2903 513 2955 auurmu
537 2869 760 2954 annumeremus
785 2902 818 2953 m
845 2902 941 2953 ernau
967 2902 1062 2953 enom.

142 3130 173 3194 l:
192 3128 267 3213 Quid
281 3135 390 3198 slalus
399 3126 496 3215 pacis.
520 3127 581 3192 Pax
596 3129 735 3191 delinitur
755 3144 773 3190 a
796 3125 824 3191 S.
841 3116 1019 3205 Augustino:
1043 3119 1275 3206 Tranquillitas

92 3230 229 3293 ordinis.
253 3228 336 3293 Tunc
363 3230 453 3308 igitur
474 3229 606 3290 nationes
630 3221 705 3288 inter
729 3242 761 3288 se
784 3226 814 3287 in
832 3231 915 3287 statu
938 3225 1021 3302 pacis
1041 3240 1106 3287 esse
1126 3224 1274 3295 dicuntur,

97 3344 172 3391 cum
197 3311 298 3411 stabili
309 3328 416 3412 Ἰ(111311
438 3342 469 3388 se
490 3332 591 3416 mutuo
612 3325 652 3385 ila
674 3323 846 3401 respiciunt,
867 3323 1115 3402 quemadmodum
1137 3321 1208 3383 ordo
1228 3336 1275 3381 re·

92 3427 203 3506 quirit,
224 3441 259 3487 ac
282 3423 403 3502 proinde
425 3424 503 3486 ultro
527 3419 623 3487 officia
646 3421 696 3483 illa
718 3421 775 3483 sibi
797 3422 923 3485 invicem
946 3426 1108 3499 praestant,
1127 3434 1202 3496 quae
1226 3416 1285 3491 len¹

91 3523 246 3587 naturalis
269 3518 454 3600 praeseribit.
1307 3520 1310 3531 ·

139 3618 170 3683 2.
194 3616 318 3687 rarum
341 3616 527 3703 capitisue
549 3618 738 3703 relationibus
759 3617 850 3695 igitur
875 3616 994 3688 dicturi,
1024 3628 1099 3691 quae
1121 3622 1223 3691 gentes
1245 3612 1275 3686 in

92 3723 161 3784 boc
181 3726 260 3781 statu
287 3718 370 3796 pacis
397 3718 541 3795 alliciunt,
561 3724 687 3799 quatuor
711 3714 970 3793 investigabimus:
996 3720 1098 3803 mutua
1125 3711 1274 3773 nationum

91 3816 199 3881 officia
222 3816 398 3895 generatim3
419 3823 561 3901 naturam,
572 3803 755 3890 commercii,
770 3800 905 3890 quo'sibi
927 3797 1057 3871 invicem
1076 3806 1275 3885 opitulantur;

93 3916 313 3993 obligationem
328 3915 488 3999 loederum,
504 3913 612 3991 quibus
626 3927 700 3973 nova
722 3926 808 3974 onera
824 3908 1028 3989 sibi-vicissim
1043 3906 1211 3983 imponnm3
1226 3902 1277 3966 Ius

89 4014 258 4093 legationis
279 4013 317 4075 ad
339 3994 442 4091 pascem
463 4010 597 4101 alendam
618 4025 653 4072 ae
674 4009 861 4072 dissidiorum
883 4004 1013 4097 pericula
1035 4003 1237 4067 removenda

163 4356 386 4418 1131111011-
402 4352 499 4400 Etbica
514 4359 539 4399 et
556 4350 599 4397 ius
615 4357 738 4396 naturae.
