3159 4934
385 368 468 410 CAPUT
487 369 504 410 1.
523 369 557 412 Di}
575 368 633 410 rtrtn
650 367 821 411 onnnnulouts
840 361 967 411 HUHANAE
1226 357 1259 414 Ἡ

103 479 223 542 medicus
238 463 360 558 propter¹
380 483 521 544 unitatem
543 481 726 544 medicinalis
745 483 828 544 artis.
844 481 884 545 Et
903 483 960 545 iste
981 484 1106 546 ultimus
1126 485 1195 546 finis
1209 487 1262 548 ho·

103 579 180 638 minis
199 577 309 640 dicitur
329 579 492 642 humanum
515 581 622 643 bonum
643 579 721 659 quod
741 588 789 643 εει
808 579 934 643 felicitas
945 578 996 661 (l).
1012 604 1029 638 a

97 659 107 733 l
139 670 347 742 infelicitas
375 671 516 743 dividitur
542 673 570 742 in
600 673 783 744 oblecliuam
813 680 844 743 et
866 673 1040 746 formalem.
1065 679 1097 744 ln
1123 681 1264 760 felicitate

104 773 153 834 duo
173 773 300 850 spectari
322 782 460 851 possunt:
475 775 624 838 obiectum
638 775 745 852 ipsum,
760 791 814 836 seu
829 792 876 838 res
889 777 1006 854 explete
1021 793 1074 840 uos
1092 779 1261 855 perficiens

33 951 34 956 ἵ
101 877 127 930 ει
146 870 292 946 possessio
306 871 397 934 buius
411 873 528 944 obiecti,
543 887 594 934 seu
616 873 658 934 rei
679 888 754 950 quae
769 873 853 936 nobis
874 874 950 936 banc
971 875 1147 952 completam
1170 877 1264 953 perfe-

103 969 219 1030 ctionem
239 969 335 1030 affert.
350 966 483 1031 Primum
499 969 664 1048 appellatur
678 969 816 1047 felicitas
829 968 994 1047 obiectam·
1010 974 1171 1035 secundum
1193 972 1264 1049 fcli-

103 1063 174 1126 o'las
196 1062 365 1128 sabinellae
389 1067 436 1130 vel
459 1065 616 1144 famulis,
641 1083 717 1147 quae
742 1068 862 1130 delinita
881 1077 929 1132 est
949 1086 966 1131 a
989 1068 1128 1133 Boethio:
1152 1067 1263 1134 Status

101 1161 229 1223 maium
243 1161 391 1227 bonorum
405 1165 625 1246 appropriatione
640 1162 866 1245 perseniaefl).
888 1165 979 1231 Porro
1000 1184 1036 1231 ex
1053 1171 1109 1230 bac
1124 1168 1264 1232 felicitate

101 1259 206 1320 formali
228 1261 369 1338 gaudium
390 1271 420 1324 et
439 1279 497 1341 pax
518 1263 723 1342 consepultum
745 1264 927 1341 perturbatio
947 1265 1023 1327 enim
1039 1275 1068 1327 et
1083 1275 1183 1330 motus
1197 1266 1264 1329 iude

33 1355 34 1360 ’
102 1358 187 1419 oritur
206 1359 236 1420 in
257 1361 352 1438 uobis,
372 1361 451 1438 quod
472 1375 505 1423 re
526 1359 622 1439 aliqua
644 1371 822 1440 congruente
843 1377 1006 1424 careamus.
1026 1361 1092 1427 Hoc
1114 1371 1212 1426 autem
1234 1363 1264 1425 in

104 1456 306 1530 possessiouem
327 1456 394 1520 boui
417 1459 609 1537 undequaque
631 1459 750 1536 perfecti
771 1459 891 1521 minime
912 1459 1001 1522 cadit.

139 1551 181 1616 13.
209 1550 355 1621 Felicitas
377 1553 468 1622 debet
489 1571 562 1623 esse
584 1553 749 1641 possibilis.
772 1555 914 1620 Naturale
938 1557 1118 1622 desiderium
1139 1560 1265 1621 trustra-

102 1667 179 1714 neum
199 1668 265 1715 esse
287 1668 343 1716 non
365 1662 475 1731 potest3
497 1655 552 1716 nisi
565 1655 696 1717 ordinem
717 1671 815 1719 rerum
830 1663 960 1718 evertere
976 1655 1110 1728 uelimus,
1124 1665 1154 1720 et
1169 1658 1265 1720 bonti-

101 1765 161 1811 nem
184 1757 337 1828 umquam
358 1766 432 1829 opus
456 1760 676 1830 praeposterum
697 1754 837 1830 cogitare.
858 1753 951 1832 Atqui
973 1754 1151 1817 desiderium
1172 1754 1265 1818 felici·

103 1848 166 1908 tatis
185 1856 229 1910 est
254 1849 403 1924 naturale;
429 1848 572 1928 siquidem
597 1865 633 1912 ex
662 1851 804 1913 instinctu
834 1861 955 1913 naturae
984 1853 1068 1915 nobis
1093 1853 1264 1915 innascitur.

103 1942 175 2024 Ergo
195 1947 320 2009 felicitas
335 1948 364 2009 iu
380 1948 565 2026 possibilium
587 1964 708 2012 numero
722 1949 898 2010 recensenda
910 1958 971 2022 est;
991 1965 1027 2012 ac
1049 1950 1171 2027 proinde
1187 1950 1266 2013 obie-

100 2052 176 2106 otnm
187 2045 307 2123 aliquod
318 2054 412 2108 exstet
422 2049 545 2124 oportet,
560 2062 597 2109 ex
611 2048 696 2110 cuius
712 2045 866 2125 adeptione
879 2062 914 2108 ea
928 2048 958 2107 in
972 2049 1058 2110 nobis
1075 2048 1263 2125 producatur.

104 2139 164 2204 Hoc
182 2145 255 2206 adeo
275 2144 393 2208 cudens
413 2153 469 2219 est,
492 2153 523 2207 ut
544 2147 607 2222 ipse
628 2143 719 2220 Kant,
741 2145 793 2222 qui
817 2147 847 2206 iu
873 2141 992 2207 Orilr'co
1011 2145 1146 2207 ratioais
1164 2162 1267 2224 purae

107 2243 367 2316 praestantissimas
392 2243 531 2306 veritates
552 2243 692 2305 subruere
714 2258 769 2305 uon
793 2241 989 2318 dubitaverat,
1015 2243 1045 2304 in
1072 2239 1193 2306 Gritico
1214 2234 1291 2304 ro·'

108 2337 192 2400 tionis
204 2341 371 2419 practicae,
386 2343 414 2403 vi
429 2340 572 2403 naturalis
587 2340 724 2403 desiderii
739 2338 888 2404 felicitatis
902 2355 953 2403 eas
966 2341 1124 2403 restituere
1143 2349 1265 2402 coactus

104 2435 159 2509 sit;
177 2438 295 2500 minime
315 2439 430 2500 veritus
451 2438 721 2514 contradictionem,
734 2454 824 2517 quam
847 2439 891 2500 sic
912 2438 1071 2501 inducebat
1085 2438 1161 2500 inter
1175 2444 1266 2499 meta·

33 2565 34 2568 =
106 2533 252 2612 physicam
275 2543 304 2598 ct
324 2537 475 2600 moralem.

33 2699 35 2710 ,
143 2629 187 2694 14.
203 2625 396 2700 desiderium
410 2630 567 2700 felicitatis
584 2647 682 2718 saepe
697 2637 745 2699 est
759 2629 947 2717 implicitum.
969 2631 1034 2696 Etsi
1057 2633 1201 2712 quidquid
1215 2647 1267 2710 ap

33 2735 35 2750 '
105 2730 234 2809 petimus,
257 2740 376 2810 propter
397 2732 566 2796 felicitatem
593 2740 785 2810 appetamus;
807 2731 888 2793 haud
914 2738 1011 2793 tamen
1036 2731 1198 2808 putandum
1220 2738 1267 2793 est

33 2833 34 2838 ’
102 2826 133 2888 id
153 2835 263 2907 semper
279 2831 417 2908 explicite
432 2830 613 2893 manifestari
633 2829 663 2892 in
678 2829 802 2908 singulis
818 2829 942 2892 obiectis
956 2830 1136 2907 appetendis.
1151 2827 1266 2891 Revera

101 2928 177 2990 enim
196 2929 367 3008 plerumque
387 2944 440 2991 nos
461 2939 558 2991 movet
573 2927 723 3004 implicite.
739 2925 794 3001 lta,
808 2927 860 3005 qui
879 2942 916 2990 ex
930 2943 975 3004 gr.
990 2927 1144 2988 scientiam
1159 2927 1267 3004 diligit,

33 3085 34 3090 ,
102 3041 175 3102 opus
193 3043 246 3091 uon
269 3027 359 3089 habet
378 3034 411 3089 ut
433 3028 488 3090 boc
510 3025 597 3090 modo
618 3025 697 3103 apud
719 3041 750 3088 se
772 3024 979 3088 ratiocinetur:
994 3021 1064 3104 Epo
1084 3023 1267 3101 felicitatem

100 3123 268 3202 =oupio;sed
277 3124 408 3188 scientio
419 3141 458 3187 erc
463 3128 558 3203 porte
567 3121 678 3186 saltem
689 3121 732 3186 od
740 3121 923 3200 felicitatem
933 3119 1162 3201 ndduml3erpo
1172 3139 1268 3200 oppa·

104 3218 193 3283 lenda
205 3220 282 3286 mibi
300 3226 355 3286 est.
372 3220 428 3286 Sed
444 3222 557 3284 suflicit
570 3229 602 3284 ut
616 3221 768 3283 scientiam
783 3220 970 3283 essebonum
986 3228 1183 3298 agnoscetne
1202 3220 1266 3281 eius

100 3318 242 3385 desiderio
262 3322 407 3399 capiatur,
429 3320 500 3383 licet
520 3319 614 3381 latens
636 3318 822 3396 principium,
843 3332 902 3394 quo
923 3317 961 3379 ad
986 3315 1066 3379 illam
1088 3315 1266 3394 diligendam

103 3417 284 3498 sollicitatur,
312 3420 342 3480 in
371 3417 562 3496 propensione
589 3417 679 3479 animi
707 3415 743 3478 ad
773 3415 945 3478 felicitatem
975 3415 1065 3476 situm
1095 3411 1267 3487 eitonam

103 3514 223 3591 animus,
244 3532 312 3579 cum
333 3517 484 3580 scientiam
510 3515 615 3592 diligit,
636 3514 666 3575 iu
689 3514 811 3576 scientia
832 3512 952 3593 quidem
975 3513 1064 3588 sistit,
1086 3527 1188 3576 verum
1206 3526 1267 3582 ,non

97 3613 226 3688 position
246 3615 298 3677 sed
313 3615 470 3694 capotium
485 3621 630 3692 quatenus
642 3612 723 3675 illam
742 3627 797 3675 uon
819 3618 888 3673 actu
903 3610 941 3672 ad
955 3608 1036 3672 aliud
1050 3611 1148 3689 refert,
1163 3624 1268 3687 quam·

98 3725 190 3787 auam
209 3715 315 3776 referre
336 3714 441 3790 possit;
463 3711 602 3775 nimirum
628 3710 665 3773 ad
686 3711 795 3774 bonum
821 3709 905 3787 plene
934 3709 1098 3787 perficiens,
1118 3723 1155 3769 ex
1180 3707 1267 3769 cuius

100 3823 197 3875 amore
215 3811 339 3874 latenter
360 3811 516 3874 excitatur.
531 3808 563 3874 ln
578 3809 727 3872 voluntate
748 3807 845 3888 quoad
866 3808 1075 3885 appetitionem
1097 3805 1165 3868 boni
1187 3805 1267 3867 idem

33 3969 34 3974 ,
100 3907 189 3971 ferme
208 3909 359 3988 contingit,
380 3908 456 3988 quod
477 3908 507 3970 in
528 3907 676 3971 intellectu
701 3906 799 3985 quoad
820 3904 1079 3983 apprehensionem
1101 3903 1173 3965 veri.
1197 3901 1267 3966 ldca

144 4085 180 4146 (1)
196 4085 223 4134 In
242 4085 254 4134 1
272 4086 444 4136 Ethieorum.
457 4084 511 4133 lect.
522 4083 566 4131 IX.

144 4165 179 4226 (2)
197 4165 308 4215 Advorte
324 4166 373 4214 hac
389 4164 533 4214 definitione
550 4161 658 4211 describi
674 4160 819 4210 felicitatem
834 4173 885 4208 non
904 4158 990 4222 quoad
1011 4173 1101 4222 puram
1117 4158 1267 4214 essentiam,

101 4259 164 4307 quae
180 4245 327 4309 simpliciter
344 4244 460 4295 consistit
474 4244 501 4291 in
516 4241 649 4305 adeptione
665 4239 777 4305 supremi
793 4239 860 4296 boni,
876 4240 920 4289 sed
939 4239 1024 4303 quoad
1039 4239 1160 4290 adiuncta
1184 4238 1272 4293 etlam,

97 4340 162 4387 quae
180 4341 212 4375 ex
227 4326 361 4390 adeptione
377 4325 419 4374 illa
435 4323 589 4375 derivantur.
