3159 4934
301 326 357 383 320
625 335 667 379 rus
684 336 810 378 serenan
828 354 838 364 ·
857 335 924 379 rans
942 337 966 377 n.
985 337 1028 379 rus
1046 336 1155 378 morem

343 456 379 521 R.
400 453 486 518 Diei.
507 452 639 519 Ecclesia
668 462 714 516 est
734 452 860 515 societas
888 450 1061 529 spiritualis,
1082 452 1195 514 ratione
1222 451 1300 525 linis,
1320 448 1479 528 eoncedo;

304 555 415 619 ratione
437 552 571 624 subiecti,
592 551 705 631 integre
725 549 912 622 considerati,
932 564 1019 629 nepo.
1041 545 1129 630 Nepo
1149 550 1249 628 itaque
1269 566 1480 628 consequens

303 661 332 716 et
352 652 391 714 ad
412 652 555 714 rationem
576 649 720 721 additam,
734 647 815 710 dist:
831 644 928 709 Media
949 646 1181 709 determinantur
1199 662 1237 709 ex
1257 649 1324 721 fine,
1338 656 1479 725 spectato

303 750 425 813 relative
443 750 482 811 ad
502 748 680 819 subiectum,
693 746 771 824 quod
793 745 1025 823 promovendum
1044 746 1140 809 estin
1160 746 1259 819 tinem,
1273 764 1362 821 cone·
1377 747 1482 811 deter-

303 849 453 911 minantur
473 863 510 909 ex
531 847 600 919 fine,
614 846 677 909 sine
697 843 842 907 eiusmodi
863 850 1012 921 respectu,
1026 861 1112 923 nepo.

343 944 427 1011 Finis
449 954 483 1007 nt
503 942 581 1017 talis,
598 959 666 1005 eum
688 942 884 1006 essentialiter
904 941 1075 1005 relationem
1097 941 1230 1005 includat
1248 941 1287 1004 ad
1306 940 1479 1007 subiectum

304 1047 390 1110 euius
410 1052 457 1108 est
478 1042 558 1116 finis,
577 1040 678 1121 nequit
701 1056 835 1103 normam
856 1041 1056 1119 praescribere
1084 1040 1199 1114 mediis,
1218 1040 1326 1119 quibus
1345 1040 1480 1105 obtineri

297 1138 401 1218 ‘debet¹
419 1142 477 1205 nisi
498 1140 599 1203 habita
620 1140 733 1203 ratione
752 1138 847 1218 ipsius
867 1139 1002 1213 subiecti,
1023 1138 1104 1218 quod
1124 1139 1352 1217 promovendum
1374 1147 1429 1202 est
1451 1142 1480 1203 in

303 1244 402 1305 linem.
417 1238 510 1304 Seeus
531 1238 625 1302 media
646 1254 702 1301 non
716 1244 816 1300 essent
836 1248 914 1316 apta.
929 1235 1064 1301 lamvero
1083 1236 1153 1300 lieet
1174 1237 1241 1299 linis
1261 1235 1417 1300 Ecclesiae
1440 1237 1481 1301 sit

304 1340 432 1401 maxime
443 1337 621 1416 spiritualim
632 1344 730 1399 mmen
744 1336 913 1399 subiectum
929 1335 1158 1413 promovendum
1173 1336 1203 1396 in
1215 1336 1301 1421 linem
1313 1342 1363 1418 est
1371 1322 1477 1419 bomo}

303 1437 355 1516 qui
369 1445 484 1500 nonest
504 1451 584 1498 mere
597 1435 732 1512 spiritns,
744 1434 797 1496 sed
811 1434 995 1510 compositus
1015 1447 1052 1495 ex
1074 1432 1180 1511 spiritu
1196 1444 1225 1496 et
1242 1448 1371 1511 corpore.
1387 1431 1478 1498 Unde

304 1534 411 1610 media,
430 1533 540 1611 quibus
562 1533 656 1595 iuvari
678 1532 775 1606 debet,
797 1546 852 1594 noc
874 1520 1090 1608 possedisses·
1105 1530 1205 1595 adnm
1226 1529 1400 1609 spiritualia,
1423 1534 1478 1597 sed

303 1648 421 1696 necesse
441 1640 487 1694 est
507 1639 542 1693 ut
556 1631 615 1693 sint
629 1630 718 1692 etiam
739 1628 913 1703 materialia,
934 1628 1003 1691 lieet
1023 1630 1062 1693 ad
1083 1631 1170 1693 finem
1186 1628 1370 1707 spiritualem
1393 1631 1480 1694 ordi·

304 1738 382 1793 nata.
405 1728 504 1807 Atque
523 1728 554 1790 id
575 1726 654 1790 valet
673 1743 730 1790 non
751 1726 847 1791 solum
877 1736 1013 1805 respectu
1035 1726 1195 1803 Ecclesiae,
1221 1727 1271 1790 sed
1294 1728 1395 1803 etiam,
1419 1746 1477 1793 suo

305 1828 402 1901 modo,
421 1834 555 1905 respectu
570 1824 726 1890 Societatis
747 1825 854 1889 civilis.
870 1823 947 1890 Nam
969 1826 1043 1891 baec
1065 1842 1133 1891 enm
1155 1826 1278 1890 adhibet
1299 1828 1358 1889 vim
1372 1828 1409 1890 ad
1425 1834 1474 1891 tu·

304 1925 393 1988 tanda
413 1925 478 1986 iura
500 1925 562 1987 sive
583 1924 733 1987 societatis
754 1924 817 1986 sive
839 1925 991 1987 bominum
1016 1924 1224 2005 singularium,
1249 1923 1343 1987 utitur
1365 1924 1470 1987 mediis

305 2022 509 2086 materialibus
530 2037 582 2101 pro
603 2024 660 2086 line
681 2022 844 2100 spirituali;
866 2022 1011 2102 siquidem
1032 2023 1081 2085 ius
1103 2022 1269 2101 spiritualis
1290 2039 1334 2087 res
1352 2030 1470 2087 estnon

305 2136 456 2199 corporea.

344 2215 505 2280 lactabis:
527 2215 664 2281 Ecclesia
691 2226 773 2281 earet
794 2219 823 2282 vi
845 2218 998 2281 materiali.
1023 2216 1105 2297 Ergo
1130 2218 1299 2281 nonhabet
1322 2218 1368 2279 ius
1388 2218 1479 2281 adbi-

306 2318 393 2383 bendi
414 2318 605 2382 coactionem.
627 2319 801 2382 absurdum
823 2321 900 2382 enim
921 2327 966 2381 est
986 2318 1093 2392 dicere,
1109 2318 1189 2397 quod
1205 2317 1286 2381 Deus
1301 2318 1412 2381 tribuat
1425 2319 1476 2381 ius
1564 2400 1565 2405 Ἰ

304 2424 334 2481 et
354 2424 441 2497 neget
462 2417 601 2493 medium,
623 2416 738 2495 quoad
760 2426 861 2479 aetum
883 2416 985 2481 reduci
1008 2416 1111 2495 possit.

346 2512 383 2579 ie
405 2510 491 2577 Dist.
513 2517 589 2576 aab·
611 2513 698 2576 Caret
720 2514 748 2576 vi
769 2513 925 2587 materiali,
946 2516 1003 2577 sibi
1022 2515 1191 2577 immediate
1206 2514 1374 2589 coniuncta,
1390 2518 1479 2578 trano·

305 2617 393 2689 seca·
413 2620 495 2675 caret
515 2613 544 2676 vi
566 2611 724 2685 materiali,
744 2612 802 2674 sibi
823 2612 977 2675 coniuncta
999 2612 1105 2675 saltem
1127 2612 1262 2687 mediate,
1283 2629 1372 2691 nepo.
1396 2611 1478 2675 Tum

305 2727 383 2789 nepo
404 2727 600 2789 consequens,
615 2716 645 2772 et
658 2710 696 2771 ad
710 2710 922 2788 probationem,
937 2708 1018 2773 dist:
1033 2709 1207 2773 Absurdum
1221 2717 1266 2772 est
1282 2710 1382 2773 dicere
1395 2711 1477 2789 qnod
1565 2748 1566 2755 .

306 2805 388 2871 Deus
408 2808 519 2870 tribuat
539 2808 586 2869 ius
605 2816 634 2869 et
648 2816 733 2885 neget
754 2807 872 2871 omnino
894 2808 999 2881 media,
1020 2823 1111 2883 conc‚·
1134 2808 1246 2870 tribuat
1270 2806 1317 2869 ius
1337 2816 1368 2871 et
1390 2816 1478 2889 neget

247 2951 249 2957 ,
307 2905 403 2969 media
424 2904 604 2979 immediata,
623 2904 693 2968 licet
715 2905 827 2968 tribnat
848 2905 1092 2983 mediolanam.

348 2998 494 3065 Nolumus
514 3003 635 3065 definire
655 3001 905 3069 utrumlleclesia
928 3018 980 3080 per
1002 3019 1034 3065 se
1054 3008 1084 3065 et
1105 3002 1272 3073 immediate
1287 3002 1398 3067 babeat
1418 3003 1480 3067 vim

308 3100 498 3174 materialem,
519 3100 600 3178 qnod
617 3083 795 3167 ex'notione
816 3101 878 3165 veri
902 3100 1019 3178 imperii
1044 3099 1130 3177 iaeile
1155 3098 1261 3163 deduci
1287 3111 1399 3179 posset.
1422 3098 1482 3165 Sed

306 3197 451 3277 quidquid
472 3197 508 3260 dc
527 3212 561 3258 ea
583 3212 614 3258 re
634 3199 682 3271 sit,
697 3206 777 3261 certe
798 3194 933 3261 Ecclesia
955 3196 1014 3261 vim
1036 3197 1217 3261 materialem
1232 3199 1324 3261 babet
1342 3198 1484 3272 mediate,

308 3296 445 3359 nimirum
468 3309 522 3371 ope
542 3294 817 3370 sceleratissimis,
839 3311 915 3373 quae
937 3294 1018 3357 iuxta
1033 3295 1163 3358 divinam
1185 3296 1401 3359 ordinationem
1422 3296 1483 3374 ipsi

309 3393 499 3457 subordinate
520 3398 565 3454 est
585 3401 721 3469 respectu
741 3394 809 3455 bnis
829 3391 942 3457 altioris
962 3400 1097 3457 aeternae
1118 3394 1205 3456 vitae.
1220 3392 1254 3457 ld
1268 3410 1339 3458 vero
1358 3394 1484 3469 sufficit,

310 3499 342 3553 ot
352 3488 485 3553 Ecclesia
501 3489 547 3551 ius
562 3489 727 3551 coactivum
742 3491 852 3553 babere
866 3490 982 3554 dicatur
995 3492 1085 3555 etiam
1099 3491 1196 3570 quoad
1212 3491 1272 3552 vim
1284 3491 1483 3570 materialem,

308 3603 376 3651 cum
398 3589 445 3649 ins
465 3588 573 3651 habeat
592 3603 658 3650 eam
679 3588 813 3666 exigendi
836 3605 852 3651 a
876 3595 1019 3667 potestate
1040 3588 1132 3663 civili;
1149 3605 1184 3652 ex
1200 3604 1259 3667 quo
1280 3590 1417 3667 sequitur
1441 3598 1484 3663 ut,

309 3685 379 3747 lieet
400 3686 458 3747 vim
484 3701 538 3748 non
561 3686 692 3763 possidet
712 3686 883 3767 formaliter,
909 3686 1059 3763 possideat
1080 3685 1253 3749 virtualiter.

353 3779 445 3845 obita.
468 3779 503 3846 ll.
526 3781 634 3845 Coetus
655 3781 850 3845 ecelesiastici
872 3789 942 3845 sunt
956 3798 1079 3862 corpora
1095 3782 1227 3845 moralia.
1243 3780 1326 3846 Haec
1342 3799 1415 3848 vero
1432 3800 1484 3864 per

310 3894 342 3941 se
361 3888 431 3941 sunt
451 3880 525 3941 iuris
547 3881 734 3957 proprietatis
755 3879 899 3959 expertia.

349 3973 385 4038 R.
412 3974 550 4040 Concedo
570 3977 727 4051 maiorem,
747 3985 777 4039 et
797 3995 875 4059 nepo
896 3976 1053 4040 minorem.
1338 4028 1348 4045 .

350 4071 396 4135 lla
424 4075 512 4138 dietis
536 4076 565 4139 in
586 4076 665 4138 tbesi
688 4076 762 4139 satis
787 4091 936 4159 superque
963 4083 1097 4154 apparet,
1124 4090 1249 4153 corpora
1275 4076 1400 4139 moralia
1426 4091 1488 4140 non

309 4170 408 4232 minus
428 4188 518 4249 quam
539 4188 678 4250 personas
704 4172 882 4251 individuas,
912 4174 976 4235 iure
1001 4174 1192 4252 proprietatis
1216 4174 1326 4236 ornari.
1349 4171 1438 4248 Quod
1461 4176 1488 4237 si

310 4266 469 4331 diversitas
490 4270 582 4332 statui
604 4270 687 4345 velim
707 4270 737 4332 in
760 4286 795 4334 eo
817 4271 973 4333 statuenda
994 4279 1047 4349 est,
1069 4271 1148 4351 quod
1169 4270 1218 4333 ius
1242 4279 1357 4347 coetum
1379 4278 1490 4351 utpote
