3159 4934
312 244 365 301 166
597 261 638 303 tus
656 261 781 303 rarunan
799 278 809 287 -
828 260 895 303 ruas
913 263 929 303 ι
949 262 991 307 rus
1009 262 1179 307 mnrvrnmun

310 371 341 435 S.
364 372 500 447 Thomas,
523 374 631 451 triplex
652 374 768 437 falsitas
789 384 887 453 potest
906 378 936 438 in
958 377 1108 441 mendacio
1128 376 1327 440 considerari:
1344 374 1483 438 videlicet

311 471 481 555 materialis,
502 472 643 545 formalis,
663 474 806 536 effectiva.
821 472 983 538 Materialis
999 484 1043 538 est
1062 475 1177 537 falsitas
1197 474 1323 548 obiecti;
1343 474 1480 536 formalis

311 578 355 633 est
375 570 509 633 voluutas
527 556 853 648 bimurdeb'dfflsum
866 574 1001 636 effectiva
1020 582 1067 638 est
1088 574 1212 654 fallacia,
1225 589 1303 651 quae
1323 572 1478 637 inducitur

312 670 341 730 in
359 668 501 730 audiente.
512 666 646 731 lamrero
657 668 842 732 mendacium
857 670 887 732 in
902 687 955 733 sua
970 673 1066 749 specie
1079 660 1269 734 constituitur
1279 686 1316 733 ex
1330 668 1475 741 secundm

311 767 405 845 prima
426 774 521 843 potest
542 767 606 829 dari
627 774 657 829 et
676 781 732 830 non
747 768 825 842 dari;
842 769 928 831 tertia
943 785 998 833 non
1012 770 1143 847 impertit
1164 768 1294 847 speciem
1314 766 1480 839 mendacio,

310 864 360 927 sed
381 864 477 942 ipsam
498 864 634 942 complet.
658 887 675 922 ‹
689 861 846 929 Obiectum
868 868 1020 945 proprium
1042 868 1286 929 manifestationis
1306 867 1369 926 sive
1389 880 1484 926 enun-

311 962 446 1025 ciationis
465 970 512 1024 est
533 977 633 1025 verum
661 962 706 1027 vel
730 962 847 1027 falsum.
868 961 994 1028 intentio
1019 980 1089 1027 uero
1113 964 1271 1027 voluntatis
1295 963 1483 1027 inordinatae

311 1068 408 1138 potest
427 1060 464 1121 ad
479 1060 537 1123 duo
550 1060 628 1135 ferri,
642 1077 768 1139 quorum
791 1077 882 1123 unum
895 1048 946 1124 est
964 1071 997 1124 nt
1017 1056 1124 1124 falsum
1138 1063 1321 1135 enuntietur;
1336 1060 1420 1122 aliud
1435 1069 1483 1123 est

311 1159 433 1221 effectus
454 1157 591 1235 proprius
611 1158 703 1221 falsae
727 1151 944 1233 enuntiationis,
966 1168 1000 1221 ut
1024 1159 1137 1222 scilicet
1163 1160 1272 1237 aliquis
1294 1158 1424 1221 fallatur.
1448 1156 1480 1219 Si

311 1272 382 1335 ergo
403 1257 459 1318 ista
474 1258 529 1318 tria
543 1264 729 1331 concurrant,
744 1257 858 1321 scilicet
871 1259 950 1337 quod
965 1258 1071 1321 falsum
1091 1258 1130 1321 sit
1151 1258 1191 1331 id,
1205 1258 1282 1336 quod
1297 1258 1483 1330 enuntiatur,

312 1363 342 1415 et
362 1355 440 1431 quod
460 1354 539 1417 adsit
553 1354 688 1417 volmtas
709 1356 816 1418 falsum
831 1357 1010 1434 enuntiandi,
1024 1364 1054 1419 et
1073 1357 1180 1418 iterum
1201 1355 1323 1417 intentio
1343 1353 1486 1426 fallendi;

313 1460 383 1513 tunc
396 1459 441 1513 est
457 1450 572 1513 falsitas
589 1453 789 1527 materialiter,
802 1455 872 1531 quia
886 1452 992 1516 falsum
1006 1454 1125 1527 dicitur,
1138 1461 1169 1515 et
1181 1452 1341 1515 formaliter
1357 1460 1481 1530 propter

312 1548 490 1612 voluntatem
512 1550 620 1613 falsum
633 1550 758 1625 dicendi,
771 1559 802 1613 et
820 1552 955 1615 effectiva
971 1560 1089 1629 propter
1109 1552 1287 1633 voluntatem
1300 1550 1411 1612 falsum
1426 1552 1485 1611 im-

312 1644 538 1724 primendised
554 1656 649 1710 tamen
666 1648 741 1710 ratio
757 1649 901 1711 mendacii
914 1649 1041 1711 sumitur
1056 1665 1072 1710 a
1088 1649 1203 1711 formali
1220 1649 1359 1722 falsitate,
1374 1664 1482 1711 secun·

311 1744 381 1807 dum
403 1746 460 1808 boc
480 1745 594 1807 scilicet
623 1746 701 1825 quod
722 1746 830 1825 aliquis
851 1748 941 1809 babet
962 1748 1140 1811 voluntatem
1164 1747 1272 1809 falsum
1295 1747 1479 1809 enuntiandi.

312 1839 396 1906 Unde
416 1849 444 1904 et
465 1842 650 1905 mendacium
668 1845 834 1906 nominatur
855 1861 890 1907 ex
911 1861 945 1909 eo
965 1844 1045 1923 quod
1065 1853 1167 1908 contra
1188 1853 1315 1907 mentem
1336 1843 1479 1905 dicitur...

311 1936 396 2011 Quod
409 1946 507 2002 autem
522 1939 628 2018 aliquis
641 1942 773 2004 intendat
786 1942 944 2005 falsitatem
959 1945 989 2005 in
1002 1943 1137 2021 opinione
1150 1942 1271 2005 alterius
1286 1940 1478 2020 constituere,

312 2051 368 2098 non
378 2036 504 2114 pertinet
518 2036 556 2099 ad
567 2038 693 2115 speeiem
707 2040 860 2114 mendacii,
872 2041 924 2102 sed
935 2042 972 2103 ad
983 2040 1143 2119 quamdam
1153 2040 1362 2118 perfectionem
1373 2038 1479 2116 ipsius.

312 2136 396 2202 Sicut
408 2146 437 2202 et
451 2140 480 2201 in
495 2140 584 2201 rebus
597 2140 780 2202 naturalibus
790 2140 902 2219 aliquid
917 2142 1045 2217 speciem
1057 2142 1190 2214 sortitur,
1202 2141 1227 2201 si
1241 2141 1367 2202 formam
1381 2138 1481 2209 habet,

312 2241 429 2303 etiamsi
443 2241 521 2302 desit
542 2241 652 2302 formae
664 2241 797 2315 effectus,
812 2244 891 2303 sicut
911 2250 992 2318 patet
1012 2242 1042 2303 in
1064 2242 1147 2320 gravi
1164 2240 1243 2318 quod
1261 2239 1403 2301 violenter
1418 2252 1485 2298 sur·

313 2356 379 2402 sum
400 2339 547 2401 detinetur
562 2336 613 2417 (f).
631 2362 648 2395 s

352 2434 537 2515 Quamquam
553 2436 669 2499 mentiri
690 2452 839 2514 nunquam
853 2438 950 2511 liceat,
970 2438 1039 2500 liinc
1053 2446 1150 2499 tamen
1165 2452 1221 2499 non
1242 2434 1428 2512 prohibetur,
1448 2450 1483 2494 ne

313 2534 478 2621 aliquando,
498 2535 576 2597 iusta
599 2535 791 2613 persuadente
812 2552 911 2609 causa,
932 2536 1085 2598 veritatem
1110 2535 1294 2612 reticeamus,
1315 2532 1374 2597 alio
1395 2534 1478 2595 inde

314 2633 416 2695 ctendo
431 2648 602 2696 sermonem.
618 2630 683 2696 Non
697 2634 773 2695 enirn
795 2634 902 2712 omnia,
916 2649 992 2711 quae
1006 2633 1116 2695 scimus
1135 2641 1165 2695 et
1178 2631 1301 2694 interius
1318 2630 1481 2709 agitamus,

314 2730 499 2792 manifestare
519 2731 585 2794 aliis
607 2739 712 2793 natura
734 2732 892 2810 praecipit,
913 2732 1004 2795 immo
1023 2731 1111 2794 etiam
1133 2730 1163 2793 id
1184 2745 1272 2808 saepe
1292 2728 1366 2791 levis
1392 2728 1480 2790 animi

314 2834 342 2887 et
356 2825 549 2904 imprudentis
563 2828 704 2890 indicium
719 2827 881 2903 estonam
897 2837 1015 2907 propter
1029 2828 1234 2891 rationabilem
1249 2842 1369 2889 causam
1386 2827 1479 2889 ambi·

314 2922 426 3000 gnitate
447 2924 605 2987 sententiae
626 2926 669 2987 uti
689 2926 767 3000 licet,
782 2927 820 2989 ad
840 2926 996 2990 veritatem
1014 2926 1190 3004 quandoque
1210 2924 1374 2997 celandam,
1394 2925 1482 2987 modo

313 3035 378 3082 eam
400 3020 590 3099 interroganti
609 3023 724 3099 aperire
743 3023 806 3085 iure
827 3023 924 3102 aliquo
938 3038 994 3086 non
1014 3023 1187 3102 obligemur.
1203 3022 1345 3085 Attamen
1366 3030 1402 3083 ut
1415 3022 1482 3083 inde

313 3118 499 3180 mendacium
513 3119 601 3191 absit,
614 3119 745 3201 loquutio
760 3121 848 3206 debet
860 3136 927 3199 esse,
937 3121 1098 3207 ..elASfflde
1113 3130 1147 3183 ut
1167 3120 1285 3211 QUO,
1292 3121 1481 3205 ,etiamnum

314 3218 394 3281 vocis
415 3232 502 3296 sensu
525 3216 572 3299 ,vel
586 3233 626 3301 ex
640 3219 726 3282 modo
740 3204 876 3298 loquendi
891 3220 936 3283 vel
950 3219 1053 3283 saltem
1075 3234 1112 3281 es
1129 3214 1366 3281 ‘circumstantiis
1381 3217 1482 3295 colligi

313 3316 408 3392 possit
431 3330 497 3376 vera
522 3330 605 3377 mens
629 3316 781 3398 loquentis,
802 3314 872 3380 lieet
897 3315 996 3380 verba'
1010 3316 1091 3379 aliud
1117 3333 1220 3381 sonare
1243 3315 1412 3379 videantur.
1434 3314 1482 3380 Sic

314 3408 343 3475 S.
350 3412 549 3491 „Athanasius
565 3428 632 3475 cnm
650 3422 849 3489 persecutores
863 3417 1026 3493 aufugeret,
1040 3430 1148 3493 eosque
1161 3413 1288 3478 evadere
1301 3428 1357 3475 non
1372 3424 1482 3491 posset,

312 3510 559 3587 naviculamque
581 3512 752 3585 vehebatur,
767 3520 868 3576 contra
890 3513 975 3574 littus
996 3514 1150 3576 obvertens
1167 3512 1227 3575 illis
1247 3513 1367 3575 obuiam
1385 3512 1483 3584 rediit,

313 3620 438 3686 cumque
458 3606 497 3669 ab
517 3608 562 3680 iis,
576 3608 616 3669 nil
638 3607 696 3671 tale
717 3610 948 3687 suspicantibus,
968 3610 1199 3688 interrogaretur
1220 3626 1257 3671 an
1280 3609 1479 3672 Athanasium

312 3704 468 3783 fugientem
491 3703 625 3767 vidisset:
639 3703 815 3780 Festinato,
828 3706 932 3785 inquit,
946 3724 968 3768 o
988 3704 1073 3770 uobis
1094 3707 1175 3769 euim
1191 3725 1311 3787 parum
1331 3705 1444 3770 defui.

354 3800 418 3865 Hac
433 3802 523 3881 igitur
537 3802 670 3865 adbibita
685 3806 830 3879 cautione,
844 3804 934 3867 celari
948 3806 1057 3867 veritas
1077 3806 1253 3884 quandoque
1275 3813 1388 3885 potest;
1410 3808 1483 3869 falsa

313 3899 390 3960 enim
411 3902 517 3978 opinio,
538 3916 612 3978 quae
634 3911 703 3963 tunc
724 3905 828 3977 oritur,
850 3901 904 3965 nori
931 3903 1091 3981 deceptioni
1113 3904 1271 3984 loquentis,
1297 3906 1349 3967 sed
1371 3908 1486 3983 impru-

313 3994 429 4058 dentiae
449 3998 594 4061 audientis
616 3999 769 4063 tribuenda
791 4007 846 4062 est.
868 3998 1007 4062 Attamen
1028 4000 1130 4064 sedulo
1153 4002 1408 4067 animadvertatur
1430 4019 1485 4067 non

361 4215 395 4277 fl)
413 4216 523 4265 Summo
542 4220 577 4267 th.
593 4218 628 4268 2ss
645 4221 692 4269 2⁸²
705 4238 729 4286 q.
745 4223 795 4277 CX,
811 4238 835 4271 a.
854 4224 875 4272 1.
