3159 4934
390 335 474 377 orror
492 334 528 375 ru.
544 335 578 377 nt
596 332 685 377 nonna
705 331 877 375 unnutnrorus
894 333 1022 376 numanae
1237 321 1288 377 103

114 466 154 513 ex
177 448 306 527 potentia
332 447 472 521 dimauel;
495 446 574 525 qnod
595 447 637 509 uti
656 446 738 535 uelit,
760 448 889 524 profluat
907 463 944 509 ex
972 447 1117 521 bonitate3
1138 448 1218 525 quod
1245 449 1291 511 nti

115 548 205 623 sciat,
226 554 357 623 emergat
377 561 413 607 ex
442 546 602 623 sapientia;
624 536 720 607 tamen
749 546 827 621 quod
852 543 924 606 illud
954 545 1072 617 habeat,
1092 546 1228 623 exsurgit
1253 562 1289 608 ex

115 644 248 709 dominio
262 642 341 721 quod
355 640 486 705 Creatori
507 642 655 720 competit.
675 641 807 705 Effectus
820 642 897 704 enim
912 644 968 705 lroc
986 642 1052 720 ipso
1072 643 1152 721 quod
1167 659 1183 704 a
1198 659 1290 706 causa

114 742 273 821 dependet,
288 757 396 804 causae
412 740 581 813 sollicitum
595 746 624 801 et
638 755 696 818 quo
717 740 814 817 magis
828 740 892 801 eius
906 740 1099 817 dependentia
1112 740 1290 814 extenditur,

113 856 151 905 eo
174 837 264 902 latius
285 845 366 917 patet
386 837 528 901 subiectio
548 852 624 916 quae
644 838 712 901 inde
731 838 872 899 dimanat.

581 1147 750 1211 Annicunus
771 1146 824 1211 IV.

390 1304 440 1371 Dc
457 1309 560 1387 primo
574 1306 732 1387 principio
754 1306 831 1387 lepis
851 1308 1021 1371 naturalis.

159 1518 228 1585 104.
245 1516 489 1603 luuesliqaliuuis
504 1516 628 1587 utililas.
644 1519 769 1585 Nomine
791 1523 879 1600 primi
901 1523 1036 1601 principii
1052 1526 1109 1586 hoc
1128 1522 1192 1587 loco
1206 1523 1291 1586 intel·

114 1620 242 1698 ligimus
264 1618 397 1697 generale
417 1619 537 1697 aliquod
560 1620 691 1693 effatum,
714 1621 949 1699 praeceptionem
970 1621 1147 1699 exprimens,
1161 1618 1239 1699 quod
1261 1622 1291 1682 in

115 1718 251 1797 quolibet
272 1718 355 1781 iussu
377 1717 450 1795 legis
472 1718 651 1797 implicetur,
665 1726 695 1781 et
715 1721 752 1782 ad
773 1721 863 1798 quod,
878 1728 1030 1799 tamquam
1048 1720 1087 1782 ad
1107 1734 1291 1783 communem

115 1816 286 1889 formulam,
308 1822 404 1877 cetera
425 1815 498 1877 iuris
519 1815 661 1877 naturalis
683 1815 827 1894 principia
849 1816 1036 1879 reducantur.

155 1912 241 1986 Quae
268 1914 385 1992 quidem
414 1914 570 1991 vestigatio
592 1929 647 1976 non
669 1914 781 1976 inutilis
802 1916 947 1977 censenda
966 1924 1022 1989 est,
1042 1915 1290 1994 quemadmodum

116 2012 349 2076 Burlamachius
361 2014 551 2076 existimavit.
564 2012 630 2075 Etsi
642 2005 719 2076 enim
731 2015 828 2077 officia
841 2014 1001 2092 peculiaria
1016 2015 1145 2077 hominis
1154 2014 1289 2093 cognosci

116 2111 245 2189 possint,
265 2112 337 2190 quin
360 2110 451 2173 ullum
474 2126 644 2189 supremum
668 2112 845 2190 principium
866 2121 1027 2187 statuatur,
1047 2113 1126 2191 quod
1148 2113 1214 2175 sinu
1235 2128 1290 2174 suo

116 2218 217 2272 cetera
231 2209 322 2272 veluti
337 2210 493 2283 contineat,
509 2219 605 2272 tamen
621 2210 797 2287 principium
812 2211 957 2273 eiusmodi
973 2226 1075 2275 revera
1091 2217 1198 2284 exstat,
1213 2210 1292 2272 eius-

117 2322 177 2383 que
198 2306 325 2369 detectio
346 2307 387 2368 ad
408 2307 547 2369 scientiae
568 2307 720 2380 rationem,
735 2314 768 2368 ut
790 2308 820 2368 in
841 2309 948 2370 ceteris
968 2309 1065 2382 rebus,
1083 2308 1211 2385 prolecto
1226 2322 1291 2383 per·

118 2405 203 2466 tinet.
226 2402 265 2465 Et
281 2404 391 2466 sanein
412 2404 536 2481 singulis
554 2404 719 2482 praeceptis
740 2404 813 2466 iuris
834 2414 956 2467 naturae
976 2405 1150 2468 elementum
1172 2403 1291 2481 aliquod

118 2518 276 2565 commune
299 2501 422 2563 latenter
446 2501 518 2563 insit
539 2517 657 2564 necesse
677 2511 733 2575 est,
754 2503 783 2563 in
803 2518 863 2581 quo
883 2504 980 2565 omnia
1002 2502 1183 2574 conveniant,
1204 2510 1291 2563 etex

8 2588 9 2591 '
118 2615 180 2677 quo
199 2600 261 2662 vim
283 2615 366 2661 suam
392 2599 607 2677 quodammodo
629 2607 808 2662 mutuentur.
829 2596 985 2662 Eiusmodi
1005 2600 1191 2678 elementum,
1212 2598 1291 2677 quod

118 2714 174 2776 ope
199 2698 316 2760 debitae
341 2698 510 2760 attentionis
534 2706 564 2761 et
588 2697 797 2759 abstractionis
824 2698 947 2770 eruitur,
972 2697 1169 2776 propositione
1193 2696 1292 2774 aliqua

120 2795 252 2875 generali
267 2795 428 2875 significari
449 2803 552 2873 potest.
568 2795 668 2873 Atque
681 2795 712 2856 id
726 2796 764 2857 ad
779 2794 920 2856 unitatem
941 2803 971 2857 et
991 2795 1132 2867 ordinem,
1154 2793 1293 2856 scientiae

119 2894 285 2972 proprium,
304 2893 375 2956 utile
391 2902 452 2967 est3
468 2894 666 2971 potissimum,
687 2894 756 2969 quia
778 2908 860 2955 mens
880 2894 993 2956 nonnisi
1014 2894 1043 2955 in
1064 2893 1100 2954 iis
1120 2891 1204 2969 plene
1225 2907 1293 2954 oon-

119 2990 258 3071 qlriescit,
279 2993 308 3054 in
337 2992 445 3069 quibus
466 2992 623 3053 terminum
646 2991 783 3053 ultimum
802 2998 832 3053 et
852 3007 1027 3069 supremum
1054 2990 1176 3067 inspicit
1197 2990 1293 3063 seriei,

7 3150 8 3155 ,
119 3108 211 3170 quam
231 3090 454 3169 contemplatur.

546 3280 870 3349 PROPOSITIONES.

168 3479 233 3545 105.
255 3481 429 3545 Paonosrrro
450 3480 488 3544 la.
510 3478 600 3543 Illud
619 3478 727 3544 haberi
746 3478 832 3543 debet
851 3482 889 3542 ut
901 3478 1041 3557 primum
1063 3476 1137 3558 lepis
1158 3479 1293 3539 naturae

123 3578 322 3657 principium,
345 3576 426 3658 quod
446 3582 493 3641 est
512 3577 786 3657 simplicissimum,
809 3575 1121 3647 universalissimum,
1144 3573 1293 3637 irreduci-

122 3675 186 3739 ede
207 3676 248 3741 od
265 3676 355 3739 uliud
375 3682 404 3740 et
424 3676 509 3740 velut
528 3676 679 3756 implicita
699 3678 781 3739 rotie
802 3680 977 3739 ceterorum
996 3674 1255 3754 praeceptionum.

164 3773 252 3837 Proh.
275 3774 359 3848 Quod
374 3775 561 3838 irreducibile
581 3790 648 3838 esse
668 3784 811 3851 oporteat,
831 3774 939 3836 nemini
961 3773 1093 3835 dubium.
1110 3769 1186 3834 Nam
1201 3771 1227 3831 si
1241 3787 1294 3833 su·

122 3874 223 3952 penius
244 3874 420 3951 principium
443 3875 574 3952 haberet,
596 3874 633 3935 ad
655 3874 734 3951 quod
755 3874 886 3935 revocari
912 3879 1021 3950 posset,
1041 3871 1100 3931 iam
1122 3869 1292 3943 absolutum

121 3981 151 4034 et
174 3970 304 4048 primum
319 3988 375 4034 non
389 3978 476 4034 esset.
492 3968 576 4044 Quod
591 3978 690 4032 autem
705 3972 865 4032 maximam
881 3968 1129 4031 universalitatem
1145 3969 1292 4047 exquirat,

123 4069 211 4132 facile
233 4077 321 4147 patet.
338 4066 411 4135 Cum
434 4069 511 4131 enim
532 4083 742 4145 expressorum
758 4068 799 4130 sit
812 4066 853 4141 id,
867 4067 946 4145 quod
960 4066 990 4127 in
1007 4064 1112 4127 ceteris
1126 4067 1292 4144 praeceptis

123 4174 247 4230 naturae
268 4165 376 4240 latitat,
391 4166 505 4245 singula
528 4165 683 4243 complecti
697 4166 793 4239 debet,
809 4164 892 4226 velut
909 4163 1039 4226 omnium
1053 4164 1147 4227 forma
1162 4179 1294 4228 commu-

126 4264 183 4327 nis.
198 4262 277 4328 Hinc
297 4265 448 4328 enascitur
468 4278 599 4326 summae
618 4262 818 4340 simplicitatis
837 4261 1016 4336 necessitas3
1036 4262 1191 4341 siquidem,
1212 4260 1294 4322 utin
