3159 4934
322 265 356 344 rt
833 307 972 350 erutos

366 416 459 481 Ohiic.
481 417 531 483 lll.
554 417 739 483 Verecundia
763 434 814 495 per
829 435 860 481 se
874 427 1006 498 spectata
1022 421 1096 484 hona
1117 429 1166 482 εει
1186 420 1216 482 in
1236 433 1340 498 genere
1354 423 1467 487 morum,

321 523 423 580 contra
442 517 551 580 invidia
573 526 618 579 est
639 518 728 580 mala.
751 513 808 580 Sed
834 526 975 596 utraeque
995 524 1065 579 suut
1092 517 1255 595 passiones.
1276 514 1355 594 Ergo
1374 513 1468 575 dautu·

323 615 471 692 passiones
492 630 544 692 per
566 630 598 677 se
618 615 711 678 honae
732 622 760 677 et
782 631 834 692 per
855 631 888 676 se
908 615 1004 678 malae
1025 615 1184 677 moraliter.

361 711 397 776 R.
412 711 498 776 Dist.
513 713 596 774 mio:
611 710 758 791 Utracquc
780 722 850 775 sunt
871 712 1022 791 passiones
1043 713 1203 790 simplices,
1220 729 1313 791 ηερε·
1328 719 1396 772 suut
1415 723 1470 786 pas

321 810 416 872 sioues
442 811 560 884 mixtae,
580 824 655 887 quae
675 810 855 889 participant
875 811 1018 874 iudicium
1051 811 1172 875 rationis
1195 818 1225 873 et
1245 817 1357 871 motum
1375 806 1471 868 liberae

321 908 491 980 voluntatis,
504 907 640 970 concedo.
655 907 804 971 Arrdiatur
818 907 847 972 S.
859 906 1000 984 Thomas,
1016 931 1033 965 ε
1045 908 1164 987 Species
1180 916 1266 971 actus
1281 906 1327 970 rel
1341 903 1471 983 passionis

320 1006 476 1084 dupliciter
497 1005 675 1069 considerari
698 1015 803 1083 potest.
818 1004 884 1070 Uno
896 1007 993 1080 modo,
1007 1007 1170 1071 secuudum
1184 1005 1262 1084 quod
1280 1013 1326 1068 est
1338 1004 1368 1064 in
1382 1015 1472 1080 gemrc

320 1112 462 1177 naturam
482 1112 511 1167 et
532 1104 576 1166 sic
597 1105 704 1166 honum
725 1104 770 1166 vel
792 1103 903 1166 malum
930 1107 1040 1168 morale
1062 1120 1117 1167 nou
1146 1105 1272 1181 pertinet
1291 1101 1330 1163 ad
1359 1101 1472 1178 speciem

321 1212 409 1266 actus
430 1203 475 1266 uel
499 1204 648 1280 passionis.
671 1203 739 1266 Alio
767 1204 866 1280 modo,
887 1205 1048 1267 secundum
1067 1204 1148 1282 quod
1176 1203 1300 1281 pertinet
1328 1201 1366 1264 ad
1393 1213 1473 1277 genus

322 1302 423 1376 moris,
446 1308 532 1378 prout
553 1301 665 1364 scilicet
695 1302 853 1379 participat
878 1302 991 1380 aliquid
1010 1302 1047 1366 dc
1076 1301 1241 1366 voluntario
1261 1308 1292 1362 et
1311 1298 1419 1360 iudicio
1436 1311 1474 1356 ra·

323 1399 423 1471 tionis;
445 1408 475 1461 et
496 1400 551 1462 hoo
573 1399 659 1462 modo
680 1401 788 1461 honum
809 1407 839 1461 et
859 1399 970 1461 malum
997 1401 1108 1463 morale
1130 1408 1254 1477 possunt
1277 1397 1419 1476 pertinere
1443 1391 1475 1454 ad

322 1498 448 1574 speciem
470 1498 624 1575 passionis,
645 1497 807 1558 secuudum
828 1497 908 1575 qnod
928 1499 1074 1575 accipitur
1104 1506 1137 1560 ut
1166 1498 1315 1560 obiectum
1345 1490 1474 1572 passionis

322 1594 431 1672 aliquid
453 1595 488 1655 de
510 1610 541 1656 se
562 1596 735 1656 conveniens
758 1593 864 1656 rationi
888 1595 934 1657 vel
947 1594 1099 1658 dissonum
1122 1613 1138 1656 a
1160 1595 1289 1669 rationc;
1308 1594 1388 1655 sicut
1408 1595 1475 1667 patet

322 1691 357 1753 de
379 1691 563 1768 verecundia,
577 1706 653 1769 quae
673 1701 717 1753 est
739 1693 827 1754 timor·
850 1694 952 1771 turpis,
966 1701 996 1756 et
1010 1693 1047 1755 de
1067 1693 1190 1767 invidia,
1204 1708 1281 1772 quae
1300 1698 1346 1754 est
1367 1687 1475 1752 tristitia

322 1789 358 1851 dc
378 1790 453 1852 bono
474 1789 595 1850 alterius
611 1786 662 1867 (i).
678 1810 695 1845 »

367 1881 461 1947 Obiic.
483 1882 535 1948 IV.
557 1883 754 1960 Passionihus,
775 1894 809 1949 ut
829 1886 892 1950 vuit
912 1885 1044 1960 Fourier,
1067 1903 1118 1964 per
1141 1902 1173 1949 se
1194 1887 1337 1963 spectatis
1350 1882 1474 1948 obedien·

323 1982 462 2045 domest.
477 1979 554 2044 Nam
569 1991 691 2046 naturae
705 1985 947 2062 propensionihus
962 2001 1019 2047 vox
1035 1983 1088 2048 Dei
1104 1985 1319 2047 manifestatur.
1336 1981 1478 2045 Passiones

323 2087 422 2142 autern
444 2081 531 2143 etiam
553 2081 582 2142 in
601 2082 718 2144 homine
739 2090 807 2143 snut
827 2084 1033 2159 propensioues
1055 2094 1188 2145 naturae.

363 2176 870 2258 unamquamcunque
885 2181 1083 2256 probationem
1095 2179 1168 2243 dist.
1180 2179 1261 2240 anot·
1276 2177 1407 2242 Naturae
1419 2187 1480 2250 pro

324 2277 513 2355 pensionibus
527 2294 583 2340 vox
600 2274 652 2339 Dei
667 2277 881 2353 manifestatur,
896 2276 922 2337 si
943 2277 1150 2354 propensioues
1167 2284 1326 2339 sumuntur
1344 2275 1424 2336 iuxta
1439 2284 1480 2331 or-

324 2377 420 2438 dinem
435 2391 452 2438 a
468 2373 528 2437 Deo
542 2376 695 2448 intentum,
709 2392 798 2449 conc;
814 2374 839 2435 si
855 2382 970 2452 practer
985 2377 1064 2437 hunc
1076 2375 1222 2448 ordinem,
1233 2391 1320 2454 nepo.
1333 2369 1479 2434 Minorem

325 2489 393 2536 vero
413 2474 525 2551 pariter
544 2471 624 2535 dist:
647 2469 806 2533 Passiones
833 2473 863 2534 in
891 2473 1009 2534 homine
1037 2479 1107 2534 suut
1133 2471 1344 2550 propensiones
1373 2474 1481 2531 naturae
1545 2437 1547 2517 i

325 2587 403 2634 mere
423 2572 569 2644 animalis,
589 2587 681 2646 conc;
703 2570 838 2632 animalis
867 2570 1028 2644 rationalis,
1049 2566 1148 2634 subd:
1170 2580 1318 2650 qnatenus
1340 2585 1359 2630 a
1383 2566 1480 2630 ratione

324 2668 501 2730 ordinandae
522 2669 588 2740 siut,
610 2685 699 2743 cooc;
721 2675 836 2745 practer
858 2668 934 2728 hanc
955 2667 1175 2740 ordinationem,
1199 2685 1287 2748 nepo.

365 2763 477 2827 Natura
498 2765 624 2827 hominis
646 2781 704 2826 nna
726 2771 779 2836 est,
801 2763 937 2826 uidelicet
958 2765 1125 2827 animalitas
1146 2765 1314 2827 rationalis.
1332 2762 1417 2828 Unde
1435 2761 1483 2820 hae

325 2863 539 2940 propensiores,
559 2877 635 2939 quae
655 2863 693 2922 ah
715 2861 896 2924 animalitate
916 2861 1060 2936 oriuntur,
1081 2862 1112 2923 in
1139 2870 1255 2925 mutum
1282 2862 1428 2940 pertinent
1451 2854 1482 2917 ad

324 2967 460 3021 naturam
481 2957 616 3032 hominis,
637 2960 667 3020 in
688 2966 831 3035 quantum
854 2959 1050 3021 rationalitate
1075 2959 1283 3034 informantur,
1303 2960 1440 3021 nimirum
1459 2954 1483 3014 in

325 3065 468 3136 quantum
488 3056 610 3118 rationis
631 3057 754 3132 imperio
774 3056 948 3119 subduntur.
966 3054 996 3118 Si
1018 3071 1105 3119 secus
1126 3060 1189 3136 suat,
1204 3057 1378 3119 animalitas
1397 3070 1446 3133 per
1458 3065 1483 3112 sc

325 3155 523 3234 spectabitur;
538 3169 613 3231 quae
629 3154 748 3229 proinde
762 3168 819 3214 uon
834 3152 963 3230 amplius
982 3154 1111 3216 humana
1128 3156 1180 3217 sed
1204 3155 1333 3217 belluina
1350 3148 1483 3218 censenda

325 3260 380 3316 est.
401 3251 500 3328 Atque
521 3250 610 3312 adid
631 3250 761 3312 hianduli
785 3249 829 3311 illi
850 3250 1027 3327 philosophi,
1047 3253 1098 3330 qui
1126 3251 1233 3314 cornis
1256 3249 1485 3331 redemptionem

325 3350 505 3431 praedicant,
526 3362 625 3411 revera
648 3356 793 3425 spectant,
814 3355 847 3409 ut
869 3347 1016 3410 hominem
1037 3356 1219 3412 commutent
1242 3351 1271 3411 in
1292 3348 1429 3412 helluam.

772 3604 941 3667 Anarcunus
963 3602 1044 3668 Vni.

383 3739 432 3804 Dc
445 3737 601 3804 habitibus
609 3741 708 3817 prom
720 3736 764 3800 ud
775 3756 876 3826 mores
889 3741 1041 3817 spectaret,
1055 3755 1110 3800 scu
1123 3737 1161 3801 dc
1175 3718 1296 3803 virtute
1305 3743 1336 3802 ot
1350 3740 1434 3803 nitio.

364 3936 413 4000 74.
435 3933 509 4017 pulo
531 3933 663 4003 latirus.
684 3935 732 3998 Ad
754 3934 908 4011 principia,
928 3929 1004 4010 quae
1024 3932 1120 3996 active
1141 3933 1171 3996 in
1192 3943 1279 3996 actus
1306 3934 1432 3998 morales
1451 3932 1489 3992 lu

324 4039 429 4112 llunut,
443 4043 618 4096 revocantur
638 4032 769 4105 hahituS,
790 4031 899 4108 quihus
913 4028 1075 4106 expeditior
1089 4038 1118 4093 et
1139 4030 1281 4094 intensior
1303 4033 1339 4094 fit
1353 4028 1488 4110 operatio.

324 4135 456 4199 lamvero
477 4130 513 4191 de
534 4131 693 4210 hahitihus,
714 4130 867 4193 enhtative
880 4127 1031 4205 spectatis
1045 4127 1160 4206 loquuti
1182 4147 1289 4193 sumus
1311 4133 1341 4193 iu
1362 4130 1489 4211 Psyche

372 4295 405 4359 (1)
425 4299 539 4347 Summo
556 4296 594 4344 th.
611 4295 646 4343 L*
660 4295 708 4359 2⁸⁶
725 4310 748 4358 q.
766 4296 856 4352 XXIV,
871 4311 895 4344 a„
912 4295 933 4343 l.
