3159 4934
293 317 345 373 tut
808 330 949 372 nrurca

288 438 399 521 Logica
420 442 598 520 explicatum
621 450 676 517 est,
691 458 750 521 qno
765 442 930 523 generalior
943 451 991 505 est
1004 442 1103 521 aliqua
1118 444 1206 516 notio,
1220 458 1254 505 eo
1267 443 1374 503 maiori
1389 442 1467 502 sim-

289 539 420 617 plicitate
440 540 556 619 gaudet.
579 537 712 617 Denique
733 526 890 617 complecti
911 540 999 603 dehet
1023 540 1175 614 rationem,
1197 540 1226 601 in
1246 540 1352 602 ceteris
1376 554 1466 616 prae·

289 636 385 715 ceptis
406 637 507 700 intime
528 636 684 709 inclusam,
705 636 774 714 quia
797 652 883 699 secus
907 637 1043 699 idoneum
1070 653 1127 700 non
1151 646 1229 699 esset
1256 638 1293 698 ad
1316 636 1464 698 unitatem

287 733 347 796 illis
369 734 601 811 impertiendam.
619 728 697 797 Nam
717 734 765 797 lex
786 735 939 813 naturalis,
960 736 1032 797 licet
1052 735 1187 813 pluribus
1205 736 1370 812 praeceptis
1391 749 1465 796 con·

249 878 252 885 .
289 838 365 904 stet3
387 840 484 893 tamen
505 832 614 893 dicitur
635 849 703 908 una,
719 842 870 911 propterea
892 833 970 911 quod
991 835 1097 908 omnia,
1115 834 1153 894 ad
1175 849 1264 894 unum
1287 848 1461 909 supremum

289 928 465 1006 principium
487 928 677 991 reducuntur.
697 927 779 1002 Quae
800 930 921 1008 quidem
942 931 1075 994 reductio
1097 932 1172 993 ellici
1193 946 1250 1010 non
1272 936 1379 1007 potest,
1400 930 1460 991 nisi

288 1026 466 1105 principium
487 1026 567 1088 istud
587 1026 627 1088 sit
647 1026 827 1101 huiusmodi,
846 1035 879 1089 ut
899 1028 1083 1091 immutabile
1104 1028 1280 1090 elementum
1300 1029 1462 1105 exprimat,

288 1123 368 1201 quod
388 1123 494 1185 ceteris
515 1125 680 1202 praeceptis
700 1125 786 1196 inest,
808 1132 967 1205 utcumque
988 1141 1089 1188 eorum
1111 1127 1233 1188 materia
1255 1127 1397 1188 varietur.

332 1215 398 1282 1116.
413 1218 587 1285 Puerosrrto
602 1219 643 1284 2².
660 1219 808 1283 Priorum
821 1220 898 1302 lepis
912 1220 1072 1284 naturalis
1087 1221 1282 1301 principium
1300 1224 1347 1284 sic
1360 1238 1464 1284 cnun-

291 1316 366 1379 tr'osrc'
380 1319 503 1396 potest:
523 1314 650 1379 Bonum
670 1321 716 1380 esi
736 1316 925 1397 faciendum,
947 1318 1065 1381 molum
1086 1337 1157 1381 acro
1178 1316 1351 1381 vitandum.

331 1414 415 1479 Proh.
438 1414 515 1480 Huic
536 1418 623 1480 eliato
645 1419 834 1479 characteres
855 1432 956 1479 omnes
978 1420 1162 1491 conveniunt,
1182 1433 1258 1495 quos
1279 1432 1375 1494 nuper
1387 1431 1463 1478 enu-

291 1517 475 1579 meravimus.
491 1515 530 1579 ht
544 1533 615 1580 sane
629 1524 676 1579 est
689 1515 958 1593 simplicissimum:
975 1517 1120 1595 siquidem
1142 1515 1320 1578 voluntatem
1336 1508 1465 1592 respicit

290 1610 400 1677 subeo
423 1617 524 1678 stricte
545 1622 769 1693 respectuque
791 1614 855 1691 ipsa
879 1613 1016 1690 primitus
1032 1615 1215 1677 connectitur
1237 1628 1306 1675 cum
1328 1613 1463 1697 obiect0;

289 1712 340 1791 qui
354 1719 506 1789 respectus
520 1712 549 1773 in
560 1727 594 1773 eo
604 1712 680 1773 situs
691 1720 747 1784 est,
762 1717 796 1773 ut
812 1718 891 1773 amet
904 1711 1013 1773 honum
1028 1721 1058 1774 et
1073 1711 1169 1797 fugiat
1182 1710 1303 1773 malum.
1318 1708 1373 1772 Est
1388 1726 1465 1772 vero

260 1892 263 1897 Ι
289 1826 408 1887 prorsus
436 1809 620 1872 ahsolutum:
648 1810 716 1888 quia
742 1809 798 1871 etsi
823 1824 860 1870 ex
887 1825 922 1872 eo
942 1810 1019 1872 ratio
1040 1810 1155 1871 desumi
1178 1809 1271 1886 possit
1291 1816 1463 1870 ceterorum

288 1913 519 1985 praeceptorum,
540 1923 615 1985 quae
640 1909 669 1969 iu
692 1915 805 1968 tanturn
834 1903 945 1970 homini
967 1908 1083 1980 dantur,
1104 1908 1134 1968 in
1156 1913 1297 1984 quantum
1319 1913 1464 1983 spectant

288 2006 396 2068 honum
411 2005 549 2078 homiuis3
572 2012 668 2067 tamen
694 2004 731 2064 ad
747 2005 889 2067 rationem
905 2005 1083 2068 reddendam
1097 2004 1134 2068 de
1154 2006 1220 2083 ipso
1240 2004 1355 2067 nullum
1377 2004 1463 2066 aliud

289 2103 464 2181 principium
491 2101 588 2163 afferri
617 2108 719 2182 potest.
743 2100 888 2175 Proiecto,
917 2104 942 2163 si
967 2103 1120 2181 quaeritur
1145 2104 1199 2165 ahs
1221 2110 1249 2164 te
1270 2118 1324 2165 cur
1346 2103 1463 2165 honum

288 2200 519 2279 prosequendum
542 2198 588 2273 sit,
611 2214 780 2276 responsum
808 2198 888 2261 aliud
910 2201 982 2262 dare
1001 2215 1059 2262 non
1083 2208 1176 2277 potes,
1197 2200 1252 2261 nisi
1274 2202 1350 2262 hoo:
1376 2198 1465 2277 Quia

289 2294 408 2360 homini
420 2295 568 2369 connectit,
584 2298 677 2374 cipue
691 2296 737 2357 c'lo
751 2295 816 2373 fori
829 2300 948 2359 notura
960 2294 1139 2359 rationalis.
1154 2294 1239 2369 Quod
1251 2305 1331 2360 certe
1346 2306 1467 2359 nonest

289 2411 398 2459 novum
415 2394 542 2471 proferre
557 2393 745 2471 principium,
767 2393 819 2455 sed
840 2394 1033 2472 conditionem
1056 2395 1207 2474 assignare
1226 2412 1263 2459 ex
1285 2403 1368 2473 parte
1387 2397 1467 2475 suh-

289 2493 368 2566 iectu,
383 2493 431 2565 cui
448 2500 636 2569 praeceptum
651 2490 819 2568 imponitur.
836 2489 944 2564 Tertio,
958 2498 1005 2554 est
1019 2492 1304 2554 universalissimum
1316 2501 1346 2554 ot
1359 2500 1466 2556 cetera

289 2589 686 2670 praeceptacomplectitur3
710 2588 783 2651 nihil
804 2589 919 2651 enirna
946 2588 1007 2652 Deo
1033 2590 1221 2667 praecipitur,
1243 2590 1320 2667 quod
1343 2589 1465 2652 notione

289 2687 356 2749 honi
378 2702 434 2747 non
456 2688 644 2749 contineatur.
666 2684 798 2763 Denique
819 2686 958 2763 exprimit
979 2686 1131 2759 rationem,
1152 2686 1277 2763 singulis
1292 2688 1464 2764 praeceptis

288 2784 423 2857 insitam;
445 2784 513 2861 quia
535 2784 646 2847 ideirco
667 2782 764 2861 aliqua
780 2781 920 2861 prosequi
932 2791 964 2845 et
977 2782 1034 2845 alia
1053 2783 1198 2846 declinare
1216 2784 1367 2857 debemus,
1387 2784 1465 2861 quia

287 2880 338 2943 illa
361 2889 429 2942 sunt
451 2881 535 2953 hona,
550 2883 622 2944 haec
640 2889 738 2943 antem
760 2880 847 2942 mala.
862 2879 901 2942 Et
922 2895 992 2942 sane
1005 2896 1041 2942 ex
1056 2896 1091 2942 eo
1106 2882 1250 2958 principio
1271 2889 1366 2944 cetera
1382 2880 1464 2959 legis

290 2985 445 3055 praecepta
461 2978 544 3041 lacile
558 2977 736 3040 derivantur.
753 2974 784 3040 Si
798 2978 874 3039 enim
891 2978 998 3039 honum
1012 2983 1058 3039 est
1073 2978 1316 3055 prosequendum,
1328 2978 1463 3039 maxime

290 3076 507 3153 prosequendus
527 3082 573 3137 est
594 3074 660 3136 finis
682 3073 812 3152 ultimus,
826 3074 878 3152 qui
892 3081 937 3134 est
951 3074 1250 3149 supremumbonum
1272 3074 1410 3138 hominis.
1426 3072 1466 3137 Si

289 3188 359 3236 vero
380 3173 601 3251 prosequendus
622 3179 667 3233 est
690 3171 756 3232 finis
779 3160 909 3244 ultimus,
931 3171 1059 3247 proiecto
1083 3171 1214 3233 iacienda
1237 3180 1306 3234 sunt
1326 3188 1361 3233 ea
1382 3189 1464 3250 quae

289 3273 472 3351 adeptionem
493 3269 583 3331 huius
604 3269 671 3330 linis
692 3267 852 3345 adducunt,
867 3276 896 3331 et
911 3277 1010 3330 contra
1028 3266 1189 3331 omittenda
1204 3277 1283 3342 sunt,
1298 3285 1373 3347 quae
1387 3270 1462 3332 ade-

290 3370 417 3448 ptionem
439 3370 515 3430 hanc
538 3375 696 3429 removent.

328 3466 440 3531 Deinde
461 3465 602 3541 prohatur
623 3471 795 3542 argumento
816 3462 846 3527 S.
871 3461 1011 3537 Thomae,
1032 3463 1083 3541 qui
1105 3463 1150 3525 sie
1172 3479 1233 3526 rern
1256 3464 1464 3529 demonstrat:

289 3588 308 3623 e
322 3562 406 3628 Sicut
426 3577 478 3624 eus
498 3568 543 3622 est
565 3561 703 3637 primum,
717 3562 795 3638 quod
816 3561 896 3623 cadit
916 3562 946 3623 in
965 3560 1196 3638 apprehensione
1219 3562 1405 3642 simpliciter,
1418 3565 1463 3627 ita

289 3665 396 3726 bouum
411 3667 456 3723 est
467 3659 593 3736 primum
604 3658 682 3737 quod
697 3659 777 3721 cadit
788 3659 817 3720 in
828 3659 1060 3736 apprehensione
1070 3657 1221 3736 practicae
1236 3660 1371 3733 rationis,
1381 3677 1463 3738 qnae

288 3761 438 3823 ordinatur
460 3757 498 3819 ad
520 3772 602 3834 opus.
624 3752 717 3818 Omne
737 3756 814 3819 enim
834 3772 925 3833 agens
947 3756 1009 3833 agit
1030 3763 1150 3832 propter
1171 3758 1271 3829 finem,
1291 3757 1344 3835 qui
1365 3758 1463 3822 habet
1532 3809 1537 3819 .

288 3856 430 3925 rationem
440 3855 522 3919 honi:
534 3861 563 3916 et
574 3852 639 3917 idco
654 3854 781 3931 primum
798 3853 974 3930 principium
988 3854 1018 3914 in
1031 3852 1142 3915 ratione
1157 3854 1288 3929 practica
1303 3863 1360 3933 est,
1376 3858 1461 3933 qnod

287 3950 425 4015 lundatur
450 3970 539 4031 snpra
565 3952 709 4015 rationem
737 3951 912 4029 horiente
938 3957 996 4013 est:
1018 3946 1144 4012 Bonum
1164 3953 1220 4025 est,
1242 3950 1326 4027 quod
1346 3953 1460 4015 omnia

287 4051 445 4129 oppetunt.
468 4048 531 4115 Hoc
553 4058 597 4113 est
618 4066 688 4129 ergo
709 4048 837 4127 primurn
859 4054 1046 4126 praeceptum
1066 4046 1150 4125 legis,
1171 4048 1249 4125 quod
1271 4048 1382 4111 bonum
1408 4060 1459 4114 est

285 4144 452 4209 iaciendum
473 4154 502 4208 et
523 4147 767 4228 prosequendum,
788 4154 818 4209 et
839 4146 948 4208 malum
970 4146 1131 4208 vitandum.
1152 4143 1192 4207 Et
1213 4156 1303 4225 super
1317 4150 1375 4211 hoc
1389 4149 1460 4211 lun-

290 4242 398 4305 dantur
418 4244 515 4306 omnia
535 4245 591 4306 alia
614 4252 768 4322 praecepta
790 4242 864 4321 legis
884 4252 1018 4316 naturae,
1041 4250 1072 4305 ut
1093 4240 1207 4306 scilieet
1227 4246 1325 4308 omnia
1346 4246 1397 4308 illa
1412 4248 1460 4310 ia-
