3159 4934
381 334 465 379 etrus
483 334 519 377 lv.
533 336 567 379 bn
585 334 692 378 omens
710 332 817 379 HOllelS
833 334 903 378 ERGA
922 335 998 378 actos
1222 323 1274 379 ΓΠ

139 444 189 511 76.
212 446 389 513 Pnoeosmo
411 446 453 509 4⁵.
474 444 612 511 Factam
630 446 860 527 primipeainm,
880 445 962 525 quod
981 447 1033 509 ius
1054 446 1265 527 proprietatis

97 544 299 622 determinat,
320 548 368 609 est
387 542 543 610 humanae
563 546 734 609 activitatis
755 544 951 609 coacitinm.

109 668 113 675 ·
139 640 229 708 Proh.
247 639 322 705 Cum
344 642 469 707 ratioet
489 651 594 706 natura
615 644 646 705 in
668 644 731 707 iure
747 643 936 723 proprietatis
949 641 1117 723 elargiendo
1132 656 1188 704 non
1203 649 1274 704 actu

96 742 223 806 deliniat
243 757 302 815 res,
323 756 398 820 quae
419 742 482 804 eius
503 742 643 804 exercitio
663 744 817 806 materiam
833 740 1033 819 suppeditent
1049 740 1151 818 quaeri
1175 746 1273 817 potest

96 840 249 919 quodnam
265 840 303 901 sit
313 841 424 903 iactum
440 838 598 917 peculiare,
609 840 690 918 quod
700 841 761 903 vim
776 840 884 903 habeat
899 837 1111 901 determinandi
1122 839 1171 899 ius
1184 836 1273 900 illud:

93 940 130 1003 in
147 938 313 1011 'inceenim
335 938 522 1015 adipiscendo
543 939 601 1000 duo
623 954 737 1017 semper
757 944 949 1019 concurrunt:
970 936 1018 999 lex
1030 942 1176 1021 naturae,
1196 951 1271 1014 quae

96 1036 168 1099 eins
189 1036 277 1097 veluti
297 1035 460 1127 sithrrmga,
475 1043 505 1098 et
524 1037 635 1099 iactum
651 1035 780 1114 aliquod,
793 1035 873 1114 qnod
888 1034 934 1097 vel
953 1028 1076 1111 abipsa
1097 1031 1207 1095 nature
1217 1041 1271 1111 po-

98 1140 200 1208 natur,
221 1142 254 1196 nt
273 1134 303 1195 in
323 1134 437 1195 iuribus
458 1132 575 1207 innatis,
596 1130 643 1195 vel
663 1134 803 1210 procedat
830 1133 869 1195 ab
889 1132 1017 1206 bomine,
1039 1139 1072 1193 ut
1100 1132 1129 1192 in
1157 1130 1273 1193 iuribus

95 1231 265 1310 acquisitis.
281 1228 378 1293 Etiam
400 1232 430 1293 in
451 1232 508 1294 boc
530 1229 695 1308 philosophi
716 1229 893 1308 discrepant.
908 1228 1110 1294 Iurisconsulti
1125 1229 1203 1293 enim
1218 1245 1269 1293 ro-

95 1330 179 1393 mani
205 1338 234 1393 et
262 1328 313 1408 qui
334 1346 384 1393 eos
404 1328 519 1409 sequm
548 1337 626 1401 sunt,
646 1329 757 1391 iactum
785 1329 929 1393 eiusmodi
957 1345 1022 1393 esse
1043 1316 1269 1407 occupationem
1280 1331 1310 1371 ³³
1354 1340 1384 1370 ³
1506 1307 1508 1318 ¹

95 1428 255 1502 dixerunt3
275 1428 352 1489 unde
372 1427 485 1490 dictum
507 1425 580 1489 illud
601 1428 735 1490 emersit:
709 1422 823 1488 tRes
842 1425 937 1505 cant
947 1427 1051 1516 priam
1073 1417 1271 1505 iccapantis.
1395 1432 1399 1440 '
1417 1413 1445 1442 '⁸

95 1522 322 1589 Oeconomistae
341 1532 438 1589 autem
453 1524 629 1587 recentiores
649 1524 680 1585 in
701 1524 764 1586 eius
786 1524 883 1587 locum
897 1524 1084 1616 industriam,
1098 1541 1151 1587 seu
1173 1526 1270 1603 speci-
1301 1525 1323 1602 't
1352 1583 1379 1613 ,‚
1411 1600 1416 1607 ³
1476 1578 1486 1607 ·.

96 1622 269 1685 ficationem
297 1623 349 1696 rei,
371 1621 488 1700 proprio
516 1622 617 1685 labore
645 1628 795 1700 peractam
817 1620 859 1701 (it
878 1609 1016 1703 lavoro),
1031 1622 1269 1686 substituendam
1302 1605 1331 1722 J,

96 1728 251 1799 putarant.
263 1717 327 1783 Hae
342 1721 416 1783 duae
431 1720 591 1782 sententiae
607 1721 701 1798 prima
716 1722 811 1783 lronte
824 1720 996 1784 adversari
988 1730 1064 1784 inter
1079 1737 1112 1783 se
1124 1721 1270 1795 videntur,

97 1819 229 1881 sednon
251 1827 298 1882 est
318 1819 369 1882 ita.
392 1815 468 1881 Nam
489 1820 540 1897 qui
562 1818 783 1896 occupationem
812 1819 880 1880 tuiti
908 1827 987 1893 sunt,
1007 1820 1176 1882 fatebantur
1205 1835 1270 1882 eam

95 1920 159 1981 h'uc
180 1924 323 1995 spectare,
345 1924 377 1979 ut
403 1932 451 1978 res
480 1925 633 1994 occupata,
655 1932 689 1980 eo
717 1916 804 1980 modo
825 1932 884 1995 quo
914 1925 1074 1995 pateretur,
1095 1916 1273 1981 elaboranda

95 2016 144 2079 vel
168 2014 391 2077 transmutanda
415 2018 494 2077 essct
515 2014 552 2075 ab
573 2023 745 2092 occupante,
765 2015 804 2076 ad
831 2014 1017 2076 serviendum
1045 2014 1110 2077 eins
1138 2014 1271 2088 utilitati,

94 2111 155 2187 Qui
179 2127 247 2176 vcro
268 2112 446 2175 induxerunt
466 2112 653 2186 industriam,
675 2128 730 2175 non
753 2113 899 2191 negabant
919 2114 1045 2190 primum
1066 2113 1147 2175 illius
1168 2121 1270 2175 actum
1311 2140 1316 2149 ·

96 2211 127 2273 in
149 2212 206 2273 hoc
228 2210 305 2289 poni,
326 2217 360 2271 ut
379 2224 428 2271 res
448 2208 486 2271 ad
506 2210 650 2272 neminem
673 2210 821 2287 pertinens
847 2218 1017 2289 occupetur,
1039 2227 1124 2274 secus
1146 2209 1273 2273 materia

95 2309 216 2371 deesset
236 2306 314 2369 circa
335 2322 426 2385 quam
447 2306 511 2385 ipsc
531 2306 615 2369 labor
635 2315 664 2370 et
685 2307 829 2371 industria
852 2308 962 2370 versari
985 2317 1095 2386 posset.

138 2402 180 2469 Ut
204 2403 431 2482 discrepantiam
453 2406 591 2478 vitemus,
611 2421 687 2483 quae
710 2421 746 2468 ex
767 2405 866 2470 verbis
885 2407 987 2479 oritur,
1008 2404 1188 2485 generaliore
1209 2406 1269 2469 ior·

94 2500 179 2563 mula
199 2500 337 2579 loquendi
358 2500 479 2574 utimur,
500 2509 674 2565 statuentes:
695 2504 807 2566 iactum
829 2504 1011 2582 primitivum
1032 2504 1111 2581 qnod
1132 2503 1180 2565 ius
1201 2518 1269 2579 pro·

96 2600 233 2677 prietatis
247 2600 335 2662 rebus
354 2598 500 2661 concretis
515 2599 655 2677 applicat,
669 2616 732 2663 esse
746 2602 915 2664 exercitium
935 2602 1096 2663 activitatis
1112 2603 1273 2664 hnmanae.

93 2696 136 2761 Et
166 2712 236 2759 sane
257 2697 397 2780 operatio,
418 2713 485 2759 eum
513 2715 530 2760 a
559 2697 750 2760 facultatibus
771 2699 911 2772 dimanet,
931 2714 1007 2777 quae
1032 2700 1094 2761 sine
1123 2699 1213 2763 dubio
1238 2698 1271 2762 vi
1355 2751 1362 2762 .

93 2802 219 2857 naturae
249 2802 317 2856 sunt
346 2797 490 2873 propriae,
511 2802 555 2857 est
583 2796 664 2858 velut
692 2795 850 2874 explicatio
877 2797 1023 2875 quaedam
1048 2796 1269 2875 personalitatis

94 2893 253 2971 operantis.
269 2890 329 2955 Res
342 2892 433 2971 igitur
447 2908 522 2972 quae
538 2893 665 2955 hominis
678 2895 838 2973 operationi
858 2894 1025 2968 subiicitur,
1041 2894 1100 2958 boc
1121 2894 1188 2972 ipso
1203 2910 1272 2972 per-

95 2990 264 3055 sonalitatis
284 2990 348 3053 eius
367 2998 435 3053 nota
457 2992 640 3069 obsignatur,
656 3007 691 3054 ac
706 2992 827 3069 proinde
848 2993 887 3055 ad
908 3007 1065 3071 personam
1087 2990 1168 3054 illam
1185 3006 1274 3070 pecu·

93 3088 160 3149 liari
182 3087 299 3151 vinculo
321 3104 390 3167 prae
409 3089 516 3151 ceteris
540 3088 713 3152 devincitur.
729 3088 777 3153 Ad
792 3090 890 3169 ipsum
913 3090 1004 3169 igitur
1024 3090 1067 3153 sic
1083 3090 1221 3169 pertinet,
1236 3097 1271 3152 ut
1341 3134 1343 3139 -

31 3202 33 3210 ⁴
92 3188 131 3250 ad
153 3198 269 3251 ceteros
293 3188 438 3265 pertinere
462 3202 518 3250 non
545 3188 645 3266 possit,
666 3188 723 3251 nisi
744 3189 836 3253 libero
860 3189 987 3267 quodam
1012 3195 1081 3253 actu
1106 3190 1270 3252 abdicetur·

91 3284 177 3359 Quae
199 3287 275 3359 ratio
296 3301 351 3349 non
374 3301 426 3363 pro
446 3286 507 3348 sola
529 3302 627 3349 rernm
649 3288 879 3365 specificatione,
899 3288 950 3351 sed
980 3304 1033 3367 pro
1059 3290 1153 3366 prima
1181 3288 1271 3350 etiam

92 3383 288 3461 occupatione
309 3386 368 3445 vim
389 3383 488 3446 habet.
510 3382 587 3446 Nam
613 3385 662 3462 qui
691 3400 753 3447 rem
777 3388 808 3447 in
834 3386 930 3449 medio
955 3387 1092 3463 positam,
1114 3401 1166 3448 sen
1193 3401 1272 3464 quae

92 3479 207 3543 nullius
226 3481 275 3555 sit,
288 3481 404 3559 primus
427 3490 563 3561 occupat,
576 3498 641 3545 eam
662 3486 777 3547 actione
797 3502 851 3548 sna
871 3485 927 3547 sihi
948 3485 1164 3565 quodammodo
1178 3484 1270 3547 adne-

92 3578 162 3651 ctit,
177 3592 263 3656 seque
283 3581 313 3641 in
328 3586 409 3641 statu
424 3580 578 3643 constituit
593 3587 626 3643 ut
639 3582 735 3661 quoad
750 3581 833 3645 illam
849 3581 915 3644 aliis
929 3582 1141 3645 rationabiliter
1155 3582 1267 3658 praeie-

90 3682 187 3739 ratur.
209 3672 239 3739 Si
260 3677 351 3757 igitur
371 3685 489 3741 externe
510 3678 647 3757 declaret,
669 3695 700 3741 se
721 3695 782 3742 rem
804 3678 885 3742 illam
907 3679 963 3743 sibi
984 3681 1111 3743 retinere
1133 3679 1220 3753 velle,
1234 3684 1269 3741 ut

91 3773 232 3837 ulteriore
246 3775 399 3839 labore'ad
414 3792 483 3839 suos
499 3788 570 3839 usus
587 3779 747 3854 proficuam
763 3778 877 3851 reddat,
891 3777 981 3841 ceteri
994 3776 1093 3855 ipsum
1110 3776 1268 3853 prohibere

89 3890 147 3937 non
171 3880 311 3951 possunt3
329 3873 384 3935 nisi
406 3880 457 3935 aut
477 3874 524 3936 ius
544 3882 666 3953 negetur
688 3875 882 3952 prospiciendi
897 3873 1042 3937 stabiliter
1058 3875 1193 3953 propriae
1218 3889 1270 3937 ne·

89 3970 234 4047 cessitati,
250 3979 303 4033 aut
316 3970 429 4033 nullum
445 3971 602 4036 discrimen
623 3962 791 4035 babendum
807 3988 873 4036 esse
893 3972 1010 4035 dicatur
1024 3972 1100 4035 inter
1121 3988 1199 4051 eum,
1213 3974 1267 4052 qni

89 4083 152 4132 rem
168 4068 279 4131 nullius
293 4069 407 4132 actione
417 4085 470 4131 sua
486 4069 544 4131 sibi
558 4069 726 4143 adstrinxit,
737 4077 826 4148 atque
840 4084 907 4133 eum
917 4070 969 4149 qui
979 4069 1037 4133 boc
1050 4069 1167 4136 vinculo
1182 4086 1267 4148 pror-

87 4184 141 4229 sus
156 4174 249 4230 caret
266 4164 323 4230 sea
346 4166 473 4243 primum
488 4166 644 4245 opponitur
664 4166 855 4245 propositioni
876 4167 1021 4242 tertiaeet
1036 4167 1121 4232 nohis
1141 4167 1201 4231 lam
1217 4167 1266 4229 de·

88 4270 283 4342 monstratae,
306 4263 432 4329 alterurn
453 4273 584 4343 apertam
606 4264 821 4328 absurditatem
841 4264 973 4329 includit.
994 4263 1076 4347 Ergo
1095 4275 1162 4338 etc..

155 4416 333 4467 Lunnnncona
348 4444 380 4455 -
395 4416 507 4466 Ettricac
522 4424 546 4466 et
562 4415 634 4465 iuris
651 4423 773 4465 naturae.
1176 4414 1206 4463 12
