<?xml version="1.0" encoding="UTF-8"?>
<!DOCTYPE html PUBLIC "-//W3C//DTD XHTML 1.0 Transitional//EN"
    "http://www.w3.org/TR/xhtml1/DTD/xhtml1-transitional.dtd">
<html xmlns="http://www.w3.org/1999/xhtml" xml:lang="en" lang="en">
 <head>
  <title>
</title>
<meta http-equiv="Content-Type" content="text/html;charset=utf-8" />
  <meta name='ocr-system' content='tesseract 3.04.00' />
  <meta name='ocr-capabilities' content='ocr_page ocr_carea ocr_par ocr_line ocrx_word'/>
</head>
<body>
  <div class='ocr_page' id='page_1' title='image "./institutioneset00libegoog_0148.png"; bbox 0 0 3159 4934; ppageno 0'>
   <div class='ocr_carea' id='block_1_1' title="bbox 714 304 2477 365">
    <p class='ocr_par' dir='ltr' id='par_1_1' title="bbox 714 304 2477 365">
     <span class='ocr_line' id='line_1_1' title="bbox 714 304 2477 365; baseline -0.002 -1"><span class='ocrx_word' id='word_1_1' title='bbox 714 320 882 364; x_wconf 77' lang='lat' dir='ltr'>CAPUT</span> <span class='ocrx_word' id='word_1_2' title='bbox 919 321 969 362; x_wconf 84' lang='lat'>11.</span> <span class='ocrx_word' id='word_1_3' title='bbox 1009 322 1078 363; x_wconf 80' lang='lat' dir='ltr'>DE</span> <span class='ocrx_word' id='word_1_4' title='bbox 1113 320 1323 363; x_wconf 74' lang='lat' dir='ltr'>OFFICHS</span> <span class='ocrx_word' id='word_1_5' title='bbox 1360 319 1572 365; x_wconf 74' lang='lat' dir='ltr'>nomms</span> <span class='ocrx_word' id='word_1_6' title='bbox 1609 321 1749 363; x_wconf 74' lang='lat' dir='ltr'><strong>ERGA</strong></span> <span class='ocrx_word' id='word_1_7' title='bbox 1779 320 1925 362; x_wconf 65' lang='lat' dir='ltr'>Danu</span> <span class='ocrx_word' id='word_1_8' title='bbox 2374 304 2477 362; x_wconf 73' lang='grc'>143</span> 
     </span>
    </p>
   </div>
   <div class='ocr_carea' id='block_1_2' title="bbox 105 431 2477 4131">
    <p class='ocr_par' dir='ltr' id='par_1_2' title="bbox 118 431 2477 1197">
     <span class='ocr_line' id='line_1_2' title="bbox 133 431 2477 517; baseline -0.002 -18"><span class='ocrx_word' id='word_1_9' title='bbox 133 436 488 517; x_wconf 77' lang='lat' dir='ltr'>pertinentia</span> <span class='ocrx_word' id='word_1_10' title='bbox 531 435 801 515; x_wconf 82' lang='lat' dir='ltr'>cognosci</span> <span class='ocrx_word' id='word_1_11' title='bbox 845 435 1072 497; x_wconf 91' lang='lat' dir='ltr'>debent.</span> <span class='ocrx_word' id='word_1_12' title='bbox 1118 431 1231 497; x_wconf 87' lang='lat' dir='ltr'>Sed</span> <span class='ocrx_word' id='word_1_13' title='bbox 1273 436 1545 512; x_wconf 83' lang='lat' dir='ltr'>cognosci</span> <span class='ocrx_word' id='word_1_14' title='bbox 1590 448 1700 497; x_wconf 90' lang='lat' dir='ltr'>non</span> <span class='ocrx_word' id='word_1_15' title='bbox 1744 441 2006 512; x_wconf 83' lang='lat' dir='ltr'>possunt,</span> <span class='ocrx_word' id='word_1_16' title='bbox 2036 449 2139 512; x_wconf 85' lang='lat' dir='ltr'>per</span> <span class='ocrx_word' id='word_1_17' title='bbox 2181 436 2334 497; x_wconf 87' lang='lat' dir='ltr'>vires</span> <span class='ocrx_word' id='word_1_18' title='bbox 2376 450 2477 495; x_wconf 89' lang='lat' dir='ltr'>na-</span> 
     </span>
     <span class='ocr_line' id='line_1_3' title="bbox 134 530 2475 613; baseline -0.002 -15"><span class='ocrx_word' id='word_1_19' title='bbox 134 546 322 598; x_wconf 90' lang='lat' dir='ltr'>turae.</span> <span class='ocrx_word' id='word_1_20' title='bbox 353 534 515 613; x_wconf 87' lang='lat' dir='ltr'>Ergo</span> <span class='ocrx_word' id='word_1_21' title='bbox 555 549 704 611; x_wconf 91' lang='lat' dir='ltr'>opus</span> <span class='ocrx_word' id='word_1_22' title='bbox 745 540 838 596; x_wconf 89' lang='lat' dir='ltr'>est</span> <span class='ocrx_word' id='word_1_23' title='bbox 879 540 945 594; x_wconf 90' lang='lat' dir='ltr'>ut</span> <span class='ocrx_word' id='word_1_24' title='bbox 973 530 1132 595; x_wconf 89' lang='lat' dir='ltr'>Deus</span> <span class='ocrx_word' id='word_1_25' title='bbox 1176 532 1486 595; x_wconf 87' lang='lat' dir='ltr'>subveniat</span> <span class='ocrx_word' id='word_1_26' title='bbox 1527 531 1897 605; x_wconf 81' lang='lat' dir='ltr'>revelatione,</span> <span class='ocrx_word' id='word_1_27' title='bbox 1925 547 2076 609; x_wconf 88' lang='lat' dir='ltr'>quae</span> <span class='ocrx_word' id='word_1_28' title='bbox 2106 530 2203 593; x_wconf 88' lang='lat' dir='ltr'>illa</span> <span class='ocrx_word' id='word_1_29' title='bbox 2248 546 2383 595; x_wconf 87' lang='lat' dir='ltr'>vera</span> <span class='ocrx_word' id='word_1_30' title='bbox 2414 538 2475 593; x_wconf 89' lang='lat' dir='ltr'>et</span> 
     </span>
     <span class='ocr_line' id='line_1_4' title="bbox 125 625 2468 708; baseline -0.003 -12"><span class='ocrx_word' id='word_1_31' title='bbox 125 633 282 696; x_wconf 90' lang='lat' dir='ltr'>bona</span> <span class='ocrx_word' id='word_1_32' title='bbox 327 630 618 695; x_wconf 88' lang='lat' dir='ltr'>credenda</span> <span class='ocrx_word' id='word_1_33' title='bbox 649 638 709 693; x_wconf 91' lang='lat' dir='ltr'>et</span> <span class='ocrx_word' id='word_1_34' title='bbox 751 629 1153 708; x_wconf 87' lang='lat' dir='ltr'>prosequenda</span> <span class='ocrx_word' id='word_1_35' title='bbox 1195 633 1498 707; x_wconf 81' lang='lat' dir='ltr'>proponat.</span> <span class='ocrx_word' id='word_1_36' title='bbox 1546 628 1643 689; x_wconf 88' lang='lat' dir='ltr'>Ad</span> <span class='ocrx_word' id='word_1_37' title='bbox 1685 644 1806 691; x_wconf 88' lang='lat' dir='ltr'>rem</span> <span class='ocrx_word' id='word_1_38' title='bbox 1852 626 1909 691; x_wconf 91' lang='lat' dir='ltr'>S.</span> <span class='ocrx_word' id='word_1_39' title='bbox 1942 627 2225 691; x_wconf 85' lang='lat' dir='ltr'>Thomas:</span> <span class='ocrx_word' id='word_1_40' title='bbox 2262 625 2468 699; x_wconf 85' lang='lat' dir='ltr'>«Quia</span> 
     </span>
     <span class='ocr_line' id='line_1_5' title="bbox 127 725 2475 806; baseline -0.002 -14"><span class='ocrx_word' id='word_1_41' title='bbox 127 730 205 792; x_wconf 92' lang='lat' dir='ltr'>ad</span> <span class='ocrx_word' id='word_1_42' title='bbox 236 729 419 791; x_wconf 91' lang='lat' dir='ltr'>altius</span> <span class='ocrx_word' id='word_1_43' title='bbox 463 729 698 803; x_wconf 90' lang='lat' dir='ltr'>bonum,</span> <span class='ocrx_word' id='word_1_44' title='bbox 726 743 902 806; x_wconf 89' lang='lat' dir='ltr'>quam</span> <span class='ocrx_word' id='word_1_45' title='bbox 946 728 1198 804; x_wconf 85' lang='lat' dir='ltr'>experiri</span> <span class='ocrx_word' id='word_1_46' title='bbox 1241 727 1299 788; x_wconf 89' lang='lat' dir='ltr'>iu</span> <span class='ocrx_word' id='word_1_47' title='bbox 1344 727 1638 805; x_wconf 88' lang='lat' dir='ltr'>praesenti</span> <span class='ocrx_word' id='word_1_48' title='bbox 1670 725 1788 788; x_wconf 90' lang='lat' dir='ltr'>vita</span> <span class='ocrx_word' id='word_1_49' title='bbox 1833 727 2018 805; x_wconf 87' lang='lat' dir='ltr'>possit</span> <span class='ocrx_word' id='word_1_50' title='bbox 2057 726 2313 787; x_wconf 87' lang='lat' dir='ltr'>humana</span> <span class='ocrx_word' id='word_1_51' title='bbox 2357 727 2475 788; x_wconf 82' lang='lat' dir='ltr'>fra-</span> 
     </span>
     <span class='ocr_line' id='line_1_6' title="bbox 125 823 2470 907; baseline -0.001 -19"><span class='ocrx_word' id='word_1_52' title='bbox 125 826 644 907; x_wconf 79' lang='lat' dir='ltr'>gilitaS,homines</span> <span class='ocrx_word' id='word_1_53' title='bbox 676 840 777 904; x_wconf 92' lang='lat' dir='ltr'>per</span> <span class='ocrx_word' id='word_1_54' title='bbox 799 826 1057 887; x_wconf 86' lang='lat' dir='ltr'>divinam</span> <span class='ocrx_word' id='word_1_55' title='bbox 1091 825 1513 903; x_wconf 86' lang='lat' dir='ltr'>providentiam</span> <span class='ocrx_word' id='word_1_56' title='bbox 1537 823 1910 897; x_wconf 88' lang='lat' dir='ltr'>ordinantur;</span> <span class='ocrx_word' id='word_1_57' title='bbox 1933 824 2191 901; x_wconf 89' lang='lat' dir='ltr'>oportuit</span> <span class='ocrx_word' id='word_1_58' title='bbox 2219 833 2470 886; x_wconf 85' lang='lat' dir='ltr'>mentem</span> 
     </span>
     <span class='ocr_line' id='line_1_7' title="bbox 120 921 2474 1001; baseline -0.002 -14"><span class='ocrx_word' id='word_1_59' title='bbox 120 924 372 988; x_wconf 87' lang='lat' dir='ltr'>evocari</span> <span class='ocrx_word' id='word_1_60' title='bbox 396 921 455 985; x_wconf 90' lang='lat' dir='ltr'>in</span> <span class='ocrx_word' id='word_1_61' title='bbox 484 922 707 1001; x_wconf 89' lang='lat' dir='ltr'>aliquid</span> <span class='ocrx_word' id='word_1_62' title='bbox 735 921 940 995; x_wconf 82' lang='lat' dir='ltr'>altiuS,</span> <span class='ocrx_word' id='word_1_63' title='bbox 971 938 1146 1000; x_wconf 89' lang='lat' dir='ltr'>quam</span> <span class='ocrx_word' id='word_1_64' title='bbox 1177 923 1328 986; x_wconf 88' lang='lat' dir='ltr'>ratio</span> <span class='ocrx_word' id='word_1_65' title='bbox 1371 929 1571 985; x_wconf 90' lang='lat' dir='ltr'>nostra</span> <span class='ocrx_word' id='word_1_66' title='bbox 1602 922 1661 984; x_wconf 92' lang='lat' dir='ltr'>in</span> <span class='ocrx_word' id='word_1_67' title='bbox 1707 922 2001 999; x_wconf 87' lang='lat' dir='ltr'>praesenti</span> <span class='ocrx_word' id='word_1_68' title='bbox 2033 921 2215 999; x_wconf 86' lang='lat' dir='ltr'>possit</span> <span class='ocrx_word' id='word_1_69' title='bbox 2259 921 2474 999; x_wconf 89' lang='lat' dir='ltr'>pertin-</span> 
     </span>
     <span class='ocr_line' id='line_1_8' title="bbox 123 1019 2472 1102; baseline -0.002 -17"><span class='ocrx_word' id='word_1_70' title='bbox 123 1038 307 1102; x_wconf 85' lang='lat' dir='ltr'>gere;</span> <span class='ocrx_word' id='word_1_71' title='bbox 339 1028 401 1083; x_wconf 90' lang='lat' dir='ltr'>ut</span> <span class='ocrx_word' id='word_1_72' title='bbox 439 1022 523 1084; x_wconf 89' lang='lat' dir='ltr'>sic</span> <span class='ocrx_word' id='word_1_73' title='bbox 566 1021 819 1084; x_wconf 87' lang='lat' dir='ltr'>disceret</span> <span class='ocrx_word' id='word_1_74' title='bbox 868 1020 1092 1099; x_wconf 87' lang='lat' dir='ltr'>aliquid</span> <span class='ocrx_word' id='word_1_75' title='bbox 1135 1020 1485 1094; x_wconf 87' lang='lat' dir='ltr'>desiderare,</span> <span class='ocrx_word' id='word_1_76' title='bbox 1514 1030 1572 1083; x_wconf 86' lang='lat' dir='ltr'>et</span> <span class='ocrx_word' id='word_1_77' title='bbox 1620 1019 1817 1084; x_wconf 90' lang='lat' dir='ltr'>studio</span> <span class='ocrx_word' id='word_1_78' title='bbox 1857 1020 2090 1083; x_wconf 87' lang='lat' dir='ltr'>tendere</span> <span class='ocrx_word' id='word_1_79' title='bbox 2132 1021 2189 1082; x_wconf 91' lang='lat' dir='ltr'>in</span> <span class='ocrx_word' id='word_1_80' title='bbox 2231 1019 2472 1098; x_wconf 88' lang='lat' dir='ltr'>aliquid,</span> 
     </span>
     <span class='ocr_line' id='line_1_9' title="bbox 118 1117 1830 1197; baseline -0.003 -16"><span class='ocrx_word' id='word_1_81' title='bbox 118 1119 294 1197; x_wconf 87' lang='lat' dir='ltr'>quod</span> <span class='ocrx_word' id='word_1_82' title='bbox 337 1126 521 1181; x_wconf 90' lang='lat' dir='ltr'>totum</span> <span class='ocrx_word' id='word_1_83' title='bbox 561 1126 784 1181; x_wconf 90' lang='lat' dir='ltr'>statum</span> <span class='ocrx_word' id='word_1_84' title='bbox 831 1118 1159 1196; x_wconf 87' lang='lat' dir='ltr'>praesentis</span> <span class='ocrx_word' id='word_1_85' title='bbox 1202 1119 1357 1182; x_wconf 90' lang='lat' dir='ltr'>vitae</span> <span class='ocrx_word' id='word_1_86' title='bbox 1398 1118 1630 1181; x_wconf 87' lang='lat' dir='ltr'>excedit</span> <span class='ocrx_word' id='word_1_87' title='bbox 1660 1117 1763 1197; x_wconf 92' lang='lat'>(1).</span> <span class='ocrx_word' id='word_1_88' title='bbox 1794 1140 1830 1175; x_wconf 79' lang='lat'><strong>»</strong></span> 
     </span>
    </p>

    <p class='ocr_par' dir='ltr' id='par_1_3' title="bbox 114 1212 2475 1474">
     <span class='ocr_line' id='line_1_10' title="bbox 208 1212 2474 1295; baseline 0 -18"><span class='ocrx_word' id='word_1_89' title='bbox 208 1213 308 1279; x_wconf 76' lang='lat'>42.</span> <span class='ocrx_word' id='word_1_90' title='bbox 357 1213 705 1280; x_wconf 72' lang='lat' dir='ltr'>Pnoposmo</span> <span class='ocrx_word' id='word_1_91' title='bbox 751 1214 836 1279; x_wconf 75' lang='lat'>4⁸.</span> <span class='ocrx_word' id='word_1_92' title='bbox 886 1214 1271 1280; x_wconf 80' lang='lat' dir='ltr'>Conveniens</span> <span class='ocrx_word' id='word_1_93' title='bbox 1312 1215 1445 1293; x_wconf 75' lang='lat' dir='ltr'>fuit</span> <span class='ocrx_word' id='word_1_94' title='bbox 1486 1215 1737 1279; x_wconf 76' lang='lat' dir='ltr'>divinae</span> <span class='ocrx_word' id='word_1_95' title='bbox 1774 1212 2221 1295; x_wconf 78' lang='lat' dir='ltr'>providentiae,</span> <span class='ocrx_word' id='word_1_96' title='bbox 2264 1217 2338 1277; x_wconf 77' lang='lat' dir='ltr'>ut</span> <span class='ocrx_word' id='word_1_97' title='bbox 2376 1233 2474 1277; x_wconf 84' lang='lat' dir='ltr'>ve·</span> 
     </span>
     <span class='ocr_line' id='line_1_11' title="bbox 114 1309 2475 1395; baseline -0 -21"><span class='ocrx_word' id='word_1_98' title='bbox 114 1314 351 1376; x_wconf 80' lang='lat' dir='ltr'>ritates</span> <span class='ocrx_word' id='word_1_99' title='bbox 393 1314 582 1384; x_wconf 75' lang='lat' dir='ltr'>etiam</span> <span class='ocrx_word' id='word_1_100' title='bbox 630 1312 975 1391; x_wconf 79' lang='lat' dir='ltr'>naturales,</span> <span class='ocrx_word' id='word_1_101' title='bbox 1019 1331 1176 1395; x_wconf 79' lang='lat' dir='ltr'>qaae</span> <span class='ocrx_word' id='word_1_102' title='bbox 1217 1309 1422 1377; x_wconf 80' lang='lat' dir='ltr'>Deum</span> <span class='ocrx_word' id='word_1_103' title='bbox 1469 1318 1530 1376; x_wconf 84' lang='lat' dir='ltr'>et</span> <span class='ocrx_word' id='word_1_104' title='bbox 1553 1317 1769 1376; x_wconf 84' lang='lat' dir='ltr'>&#39;mores</span> <span class='ocrx_word' id='word_1_105' title='bbox 1820 1313 2184 1392; x_wconf 77' lang='lat' dir='ltr'>respiciunt,</span> <span class='ocrx_word' id='word_1_106' title='bbox 2228 1309 2475 1376; x_wconf 77' lang='lat' dir='ltr'>-homim‘</span> 
     </span>
     <span class='ocr_line' id='line_1_12' title="bbox 120 1410 578 1474; baseline 0.004 -2"><span class='ocrx_word' id='word_1_107' title='bbox 120 1410 578 1474; x_wconf 76' lang='lat' dir='ltr'>revelarentur.</span> 
     </span>
    </p>

    <p class='ocr_par' dir='ltr' id='par_1_4' title="bbox 109 1506 2470 3455">
     <span class='ocr_line' id='line_1_13' title="bbox 206 1506 2466 1589; baseline -0 -18"><span class='ocrx_word' id='word_1_108' title='bbox 206 1507 382 1572; x_wconf 86' lang='lat' dir='ltr'>Prob.</span> <span class='ocrx_word' id='word_1_109' title='bbox 411 1506 726 1583; x_wconf 78' lang='lat' dir='ltr'>VeritateS,</span> <span class='ocrx_word' id='word_1_110' title='bbox 756 1525 906 1589; x_wconf 88' lang='lat' dir='ltr'>quae</span> <span class='ocrx_word' id='word_1_111' title='bbox 935 1508 1257 1588; x_wconf 88' lang='lat' dir='ltr'>respiciunt</span> <span class='ocrx_word' id='word_1_112' title='bbox 1280 1506 1490 1582; x_wconf 90' lang='lat' dir='ltr'>Deum,</span> <span class='ocrx_word' id='word_1_113' title='bbox 1514 1510 1691 1571; x_wconf 86' lang='lat' dir='ltr'>finem</span> <span class='ocrx_word' id='word_1_114' title='bbox 1722 1508 2016 1587; x_wconf 89' lang='lat' dir='ltr'>ultimum,</span> <span class='ocrx_word' id='word_1_115' title='bbox 2041 1507 2466 1571; x_wconf 86' lang='lat' dir='ltr'>ordinationem</span> 
     </span>
     <span class='ocr_line' id='line_1_14' title="bbox 119 1608 2467 1688; baseline -0.001 -16"><span class='ocrx_word' id='word_1_116' title='bbox 119 1610 303 1683; x_wconf 89' lang='lat' dir='ltr'>vitae,</span> <span class='ocrx_word' id='word_1_117' title='bbox 342 1610 605 1671; x_wconf 85' lang='lat' dir='ltr'>futurum</span> <span class='ocrx_word' id='word_1_118' title='bbox 648 1625 880 1683; x_wconf 88' lang='lat' dir='ltr'>aevum,</span> <span class='ocrx_word' id='word_1_119' title='bbox 921 1608 1184 1688; x_wconf 89' lang='lat' dir='ltr'>aliaeque</span> <span class='ocrx_word' id='word_1_120' title='bbox 1226 1609 1578 1687; x_wconf 80' lang='lat' dir='ltr'>consimileS,</span> <span class='ocrx_word' id='word_1_121' title='bbox 1626 1612 2021 1688; x_wconf 89' lang='lat' dir='ltr'>maximopere</span> <span class='ocrx_word' id='word_1_122' title='bbox 2065 1619 2201 1672; x_wconf 90' lang='lat' dir='ltr'>sunt</span> <span class='ocrx_word' id='word_1_123' title='bbox 2242 1609 2467 1672; x_wconf 89' lang='lat' dir='ltr'>homini</span> 
     </span>
     <span class='ocr_line' id='line_1_15' title="bbox 118 1705 2470 1785; baseline -0 -17"><span class='ocrx_word' id='word_1_124' title='bbox 118 1705 512 1782; x_wconf 88' lang='lat' dir='ltr'>necessariae,</span> <span class='ocrx_word' id='word_1_125' title='bbox 546 1722 651 1769; x_wconf 89' lang='lat' dir='ltr'>nec</span> <span class='ocrx_word' id='word_1_126' title='bbox 695 1722 1023 1785; x_wconf 89' lang='lat' dir='ltr'>congruum</span> <span class='ocrx_word' id='word_1_127' title='bbox 1066 1716 1155 1769; x_wconf 91' lang='lat' dir='ltr'>est</span> <span class='ocrx_word' id='word_1_128' title='bbox 1200 1715 1264 1769; x_wconf 89' lang='lat' dir='ltr'>ut</span> <span class='ocrx_word' id='word_1_129' title='bbox 1295 1707 1682 1783; x_wconf 88' lang='lat' dir='ltr'>speculationi</span> <span class='ocrx_word' id='word_1_130' title='bbox 1726 1715 1953 1769; x_wconf 89' lang='lat' dir='ltr'>tantum</span> <span class='ocrx_word' id='word_1_131' title='bbox 1994 1708 2284 1770; x_wconf 89' lang='lat' dir='ltr'>humanae</span> <span class='ocrx_word' id='word_1_132' title='bbox 2312 1723 2470 1768; x_wconf 87' lang='lat' dir='ltr'>asse-</span> 
     </span>
     <span class='ocr_line' id='line_1_16' title="bbox 113 1801 2470 1882; baseline -0 -16"><span class='ocrx_word' id='word_1_133' title='bbox 113 1804 387 1882; x_wconf 86' lang='lat' dir='ltr'>quendae</span> <span class='ocrx_word' id='word_1_134' title='bbox 429 1804 877 1882; x_wconf 88' lang='lat' dir='ltr'>permittantur.</span> <span class='ocrx_word' id='word_1_135' title='bbox 921 1801 1003 1869; x_wconf 87' lang='lat' dir='ltr'>Ut</span> <span class='ocrx_word' id='word_1_136' title='bbox 1044 1804 1198 1865; x_wconf 88' lang='lat' dir='ltr'>enim</span> <span class='ocrx_word' id='word_1_137' title='bbox 1240 1804 1597 1867; x_wconf 87' lang='lat' dir='ltr'>sufficienter</span> <span class='ocrx_word' id='word_1_138' title='bbox 1629 1806 1862 1882; x_wconf 90' lang='lat' dir='ltr'>proprio</span> <span class='ocrx_word' id='word_1_139' title='bbox 1904 1806 2034 1867; x_wconf 93' lang='lat' dir='ltr'>nisu</span> <span class='ocrx_word' id='word_1_140' title='bbox 2075 1805 2470 1878; x_wconf 89' lang='lat' dir='ltr'>obtineantur,</span> 
     </span>
     <span class='ocr_line' id='line_1_17' title="bbox 115 1900 2470 1980; baseline 0 -18"><span class='ocrx_word' id='word_1_141' title='bbox 115 1902 320 1964; x_wconf 90' lang='lat' dir='ltr'>studio</span> <span class='ocrx_word' id='word_1_142' title='bbox 361 1917 431 1964; x_wconf 87' lang='lat' dir='ltr'>ac</span> <span class='ocrx_word' id='word_1_143' title='bbox 457 1902 659 1964; x_wconf 90' lang='lat' dir='ltr'>labore</span> <span class='ocrx_word' id='word_1_144' title='bbox 695 1916 811 1965; x_wconf 90' lang='lat' dir='ltr'>non</span> <span class='ocrx_word' id='word_1_145' title='bbox 851 1900 963 1964; x_wconf 91' lang='lat' dir='ltr'>levi</span> <span class='ocrx_word' id='word_1_146' title='bbox 998 1901 1287 1980; x_wconf 79' lang='lat' dir='ltr'>indigem3</span> <span class='ocrx_word' id='word_1_147' title='bbox 1322 1900 1491 1963; x_wconf 89' lang='lat' dir='ltr'>multi</span> <span class='ocrx_word' id='word_1_148' title='bbox 1532 1909 1730 1965; x_wconf 88' lang='lat' dir='ltr'>autem</span> <span class='ocrx_word' id='word_1_149' title='bbox 1766 1903 1841 1965; x_wconf 92' lang='lat' dir='ltr'>ad</span> <span class='ocrx_word' id='word_1_150' title='bbox 1884 1902 2303 1980; x_wconf 89' lang='lat' dir='ltr'>speculandum</span> <span class='ocrx_word' id='word_1_151' title='bbox 2334 1910 2470 1964; x_wconf 91' lang='lat' dir='ltr'>sunt</span> 
     </span>
     <span class='ocr_line' id='line_1_18' title="bbox 116 1998 2469 2079; baseline 0 -18"><span class='ocrx_word' id='word_1_152' title='bbox 116 1999 326 2077; x_wconf 87' lang='lat' dir='ltr'>inepti,</span> <span class='ocrx_word' id='word_1_153' title='bbox 357 1998 527 2061; x_wconf 92' lang='lat' dir='ltr'>multi</span> <span class='ocrx_word' id='word_1_154' title='bbox 572 2013 716 2061; x_wconf 93' lang='lat' dir='ltr'>cura</span> <span class='ocrx_word' id='word_1_155' title='bbox 748 1998 831 2060; x_wconf 86' lang='lat' dir='ltr'>rei</span> <span class='ocrx_word' id='word_1_156' title='bbox 860 1998 1173 2061; x_wconf 84' lang='lat' dir='ltr'>familiaris</span> <span class='ocrx_word' id='word_1_157' title='bbox 1201 1999 1621 2077; x_wconf 87' lang='lat' dir='ltr'>impediuntur,</span> <span class='ocrx_word' id='word_1_158' title='bbox 1652 2016 1765 2063; x_wconf 90' lang='lat' dir='ltr'>non</span> <span class='ocrx_word' id='word_1_159' title='bbox 1809 2000 1979 2079; x_wconf 90' lang='lat' dir='ltr'>pauci</span> <span class='ocrx_word' id='word_1_160' title='bbox 2023 2001 2199 2062; x_wconf 88' lang='lat' dir='ltr'>etiam</span> <span class='ocrx_word' id='word_1_161' title='bbox 2233 2000 2469 2079; x_wconf 83' lang='lat' dir='ltr'>pigritia</span> 
     </span>
     <span class='ocr_line' id='line_1_19' title="bbox 114 2095 2467 2178; baseline 0 -19"><span class='ocrx_word' id='word_1_162' title='bbox 114 2098 408 2162; x_wconf 88' lang='lat' dir='ltr'>laborant.</span> <span class='ocrx_word' id='word_1_163' title='bbox 460 2095 646 2161; x_wconf 90' lang='lat' dir='ltr'>Immo</span> <span class='ocrx_word' id='word_1_164' title='bbox 704 2112 844 2161; x_wconf 92' lang='lat' dir='ltr'>vero</span> <span class='ocrx_word' id='word_1_165' title='bbox 893 2096 978 2159; x_wconf 90' lang='lat' dir='ltr'>illi</span> <span class='ocrx_word' id='word_1_166' title='bbox 1029 2099 1227 2170; x_wconf 86' lang='lat' dir='ltr'>etiam,</span> <span class='ocrx_word' id='word_1_167' title='bbox 1268 2098 1372 2175; x_wconf 90' lang='lat' dir='ltr'>qui</span> <span class='ocrx_word' id='word_1_168' title='bbox 1421 2097 1854 2175; x_wconf 89' lang='lat' dir='ltr'>impedimentis</span> <span class='ocrx_word' id='word_1_169' title='bbox 1902 2098 2188 2162; x_wconf 89' lang='lat' dir='ltr'>eiusmodi</span> <span class='ocrx_word' id='word_1_170' title='bbox 2239 2108 2467 2178; x_wconf 79' lang='lat' dir='ltr'>vacant,</span> 
     </span>
     <span class='ocr_line' id='line_1_20' title="bbox 114 2195 2467 2274; baseline -0.001 -14"><span class='ocrx_word' id='word_1_171' title='bbox 114 2195 350 2260; x_wconf 91' lang='lat' dir='ltr'>nonnisi</span> <span class='ocrx_word' id='word_1_172' title='bbox 382 2202 515 2273; x_wconf 91' lang='lat' dir='ltr'>post</span> <span class='ocrx_word' id='word_1_173' title='bbox 542 2195 786 2273; x_wconf 86' lang='lat' dir='ltr'>longum</span> <span class='ocrx_word' id='word_1_174' title='bbox 824 2203 1056 2274; x_wconf 85' lang='lat' dir='ltr'>tempus</span> <span class='ocrx_word' id='word_1_175' title='bbox 1086 2196 1161 2257; x_wconf 91' lang='lat' dir='ltr'>ad</span> <span class='ocrx_word' id='word_1_176' title='bbox 1191 2196 1344 2258; x_wconf 89' lang='lat' dir='ltr'>hanc</span> <span class='ocrx_word' id='word_1_177' title='bbox 1373 2196 1679 2258; x_wconf 87' lang='lat' dir='ltr'>scientiam</span> <span class='ocrx_word' id='word_1_178' title='bbox 1710 2197 2042 2270; x_wconf 82' lang='lat' dir='ltr'>deveniunt,</span> <span class='ocrx_word' id='word_1_179' title='bbox 2074 2204 2196 2258; x_wconf 89' lang='lat' dir='ltr'>tum</span> <span class='ocrx_word' id='word_1_180' title='bbox 2233 2204 2467 2273; x_wconf 89' lang='lat' dir='ltr'>propter</span> 
     </span>
     <span class='ocr_line' id='line_1_21' title="bbox 114 2291 2469 2372; baseline -0.001 -16"><span class='ocrx_word' id='word_1_181' title='bbox 114 2295 392 2356; x_wconf 88' lang='lat' dir='ltr'>diversas</span> <span class='ocrx_word' id='word_1_182' title='bbox 434 2292 815 2371; x_wconf 79' lang='lat' dir='ltr'>cognitioneS,</span> <span class='ocrx_word' id='word_1_183' title='bbox 848 2308 1001 2372; x_wconf 89' lang='lat' dir='ltr'>quae</span> <span class='ocrx_word' id='word_1_184' title='bbox 1042 2294 1441 2371; x_wconf 88' lang='lat' dir='ltr'>requiruntur,</span> <span class='ocrx_word' id='word_1_185' title='bbox 1483 2302 1611 2355; x_wconf 88' lang='lat' dir='ltr'>tum</span> <span class='ocrx_word' id='word_1_186' title='bbox 1640 2308 1874 2372; x_wconf 89' lang='lat' dir='ltr'>quoque</span> <span class='ocrx_word' id='word_1_187' title='bbox 1902 2302 2138 2371; x_wconf 86' lang='lat' dir='ltr'>propter</span> <span class='ocrx_word' id='word_1_188' title='bbox 2179 2291 2469 2355; x_wconf 89' lang='lat' dir='ltr'>instabili-</span> 
     </span>
     <span class='ocr_line' id='line_1_22' title="bbox 115 2389 2465 2469; baseline -0.001 -16"><span class='ocrx_word' id='word_1_189' title='bbox 115 2396 305 2453; x_wconf 86' lang='lat' dir='ltr'>tatem</span> <span class='ocrx_word' id='word_1_190' title='bbox 336 2390 632 2469; x_wconf 84' lang='lat' dir='ltr'>iuventae,</span> <span class='ocrx_word' id='word_1_191' title='bbox 660 2405 830 2469; x_wconf 88' lang='lat' dir='ltr'>quae,</span> <span class='ocrx_word' id='word_1_192' title='bbox 861 2390 1235 2468; x_wconf 89' lang='lat' dir='ltr'>passionibus</span> <span class='ocrx_word' id='word_1_193' title='bbox 1263 2390 1582 2469; x_wconf 87' lang='lat' dir='ltr'>exagitata,</span> <span class='ocrx_word' id='word_1_194' title='bbox 1614 2391 1763 2453; x_wconf 91' lang='lat' dir='ltr'>satis</span> <span class='ocrx_word' id='word_1_195' title='bbox 1791 2398 1926 2469; x_wconf 90' lang='lat' dir='ltr'>apta</span> <span class='ocrx_word' id='word_1_196' title='bbox 1958 2406 2068 2454; x_wconf 89' lang='lat' dir='ltr'>non</span> <span class='ocrx_word' id='word_1_197' title='bbox 2110 2398 2199 2453; x_wconf 89' lang='lat' dir='ltr'>est</span> <span class='ocrx_word' id='word_1_198' title='bbox 2240 2389 2313 2451; x_wconf 90' lang='lat' dir='ltr'>ad</span> <span class='ocrx_word' id='word_1_199' title='bbox 2346 2397 2465 2451; x_wconf 85' lang='lat' dir='ltr'>tam</span> 
     </span>
     <span class='ocr_line' id='line_1_23' title="bbox 111 2483 2466 2567; baseline 0 -18"><span class='ocrx_word' id='word_1_200' title='bbox 111 2486 244 2549; x_wconf 88' lang='lat' dir='ltr'>alta</span> <span class='ocrx_word' id='word_1_201' title='bbox 291 2495 500 2565; x_wconf 89' lang='lat' dir='ltr'>pacate</span> <span class='ocrx_word' id='word_1_202' title='bbox 528 2487 902 2565; x_wconf 86' lang='lat' dir='ltr'>speculanda.</span> <span class='ocrx_word' id='word_1_203' title='bbox 937 2483 1019 2553; x_wconf 93' lang='lat' dir='ltr'>Ut</span> <span class='ocrx_word' id='word_1_204' title='bbox 1047 2488 1195 2551; x_wconf 89' lang='lat' dir='ltr'>nihil</span> <span class='ocrx_word' id='word_1_205' title='bbox 1223 2488 1420 2550; x_wconf 90' lang='lat' dir='ltr'>dicam</span> <span class='ocrx_word' id='word_1_206' title='bbox 1449 2488 1521 2551; x_wconf 91' lang='lat' dir='ltr'>de</span> <span class='ocrx_word' id='word_1_207' title='bbox 1547 2488 1868 2567; x_wconf 79' lang='lat' dir='ltr'>erroribuS,</span> <span class='ocrx_word' id='word_1_208' title='bbox 1896 2489 2000 2567; x_wconf 88' lang='lat' dir='ltr'>qui</span> <span class='ocrx_word' id='word_1_209' title='bbox 2028 2487 2466 2567; x_wconf 85' lang='lat' dir='ltr'>investigationi</span> 
     </span>
     <span class='ocr_line' id='line_1_24' title="bbox 115 2585 2467 2664; baseline -0.001 -15"><span class='ocrx_word' id='word_1_210' title='bbox 115 2585 307 2649; x_wconf 91' lang='lat' dir='ltr'>solius</span> <span class='ocrx_word' id='word_1_211' title='bbox 350 2585 595 2648; x_wconf 86' lang='lat' dir='ltr'>rationis</span> <span class='ocrx_word' id='word_1_212' title='bbox 635 2585 949 2649; x_wconf 87' lang='lat' dir='ltr'>admisceri</span> <span class='ocrx_word' id='word_1_213' title='bbox 994 2586 1199 2660; x_wconf 87' lang='lat' dir='ltr'>solent,</span> <span class='ocrx_word' id='word_1_214' title='bbox 1237 2586 1314 2648; x_wconf 92' lang='lat' dir='ltr'>ob</span> <span class='ocrx_word' id='word_1_215' title='bbox 1354 2585 1714 2648; x_wconf 87' lang='lat' dir='ltr'>debilitatem</span> <span class='ocrx_word' id='word_1_216' title='bbox 1757 2586 1887 2648; x_wconf 90' lang='lat' dir='ltr'>eius</span> <span class='ocrx_word' id='word_1_217' title='bbox 1930 2586 2248 2664; x_wconf 85' lang='lat' dir='ltr'>ingenitam</span> <span class='ocrx_word' id='word_1_218' title='bbox 2289 2592 2350 2648; x_wconf 93' lang='lat' dir='ltr'>et</span> <span class='ocrx_word' id='word_1_219' title='bbox 2374 2585 2467 2647; x_wconf 92' lang='lat' dir='ltr'>lu-</span> 
     </span>
     <span class='ocr_line' id='line_1_25' title="bbox 115 2682 2467 2761; baseline 0 -16"><span class='ocrx_word' id='word_1_220' title='bbox 115 2699 254 2745; x_wconf 91' lang='lat' dir='ltr'>sum</span> <span class='ocrx_word' id='word_1_221' title='bbox 312 2682 689 2761; x_wconf 85' lang='lat' dir='ltr'>phantasiae;</span> <span class='ocrx_word' id='word_1_222' title='bbox 746 2683 1242 2761; x_wconf 88' lang='lat' dir='ltr'>quemadmodum</span> <span class='ocrx_word' id='word_1_223' title='bbox 1290 2685 1350 2745; x_wconf 92' lang='lat' dir='ltr'>in</span> <span class='ocrx_word' id='word_1_224' title='bbox 1409 2683 1826 2747; x_wconf 88' lang='lat' dir='ltr'>recentissimis</span> <span class='ocrx_word' id='word_1_225' title='bbox 1875 2683 2052 2745; x_wconf 88' lang='lat' dir='ltr'>etiam</span> <span class='ocrx_word' id='word_1_226' title='bbox 2103 2683 2467 2761; x_wconf 89' lang='lat' dir='ltr'>philosophis</span> 
     </span>
     <span class='ocr_line' id='line_1_26' title="bbox 113 2778 2466 2860; baseline 0.001 -18"><span class='ocrx_word' id='word_1_227' title='bbox 113 2779 400 2859; x_wconf 86' lang='lat' dir='ltr'>ploranda</span> <span class='ocrx_word' id='word_1_228' title='bbox 428 2779 718 2842; x_wconf 89' lang='lat' dir='ltr'>habemus</span> <span class='ocrx_word' id='word_1_229' title='bbox 745 2780 1030 2858; x_wconf 88' lang='lat' dir='ltr'>exempla.</span> <span class='ocrx_word' id='word_1_230' title='bbox 1056 2778 1467 2859; x_wconf 90' lang='lat' dir='ltr'>Opportunum</span> <span class='ocrx_word' id='word_1_231' title='bbox 1494 2789 1587 2844; x_wconf 89' lang='lat' dir='ltr'>est</span> <span class='ocrx_word' id='word_1_232' title='bbox 1607 2781 1790 2860; x_wconf 82' lang='lat' dir='ltr'>igitur</span> <span class='ocrx_word' id='word_1_233' title='bbox 1816 2789 1872 2843; x_wconf 91' lang='lat' dir='ltr'>et</span> <span class='ocrx_word' id='word_1_234' title='bbox 1903 2782 2192 2843; x_wconf 89' lang='lat' dir='ltr'>humanae</span> <span class='ocrx_word' id='word_1_235' title='bbox 2222 2789 2466 2845; x_wconf 89' lang='lat' dir='ltr'>naturae</span> 
     </span>
     <span class='ocr_line' id='line_1_27' title="bbox 113 2878 2465 2958; baseline 0.001 -19"><span class='ocrx_word' id='word_1_236' title='bbox 113 2878 377 2940; x_wconf 85' lang='lat' dir='ltr'>maxime</span> <span class='ocrx_word' id='word_1_237' title='bbox 405 2878 942 2957; x_wconf 80' lang='lat' dir='ltr'>accommodatum,</span> <span class='ocrx_word' id='word_1_238' title='bbox 975 2886 1039 2941; x_wconf 90' lang='lat' dir='ltr'>ut</span> <span class='ocrx_word' id='word_1_239' title='bbox 1077 2878 1364 2942; x_wconf 86' lang='lat' dir='ltr'>eiusmodi</span> <span class='ocrx_word' id='word_1_240' title='bbox 1409 2880 1706 2958; x_wconf 75' lang='lat' dir='ltr'>veritateS,</span> <span class='ocrx_word' id='word_1_241' title='bbox 1733 2895 1882 2957; x_wconf 88' lang='lat' dir='ltr'>quae</span> <span class='ocrx_word' id='word_1_242' title='bbox 1924 2879 2179 2941; x_wconf 86' lang='lat' dir='ltr'>hominis</span> <span class='ocrx_word' id='word_1_243' title='bbox 2206 2896 2465 2943; x_wconf 89' lang='lat' dir='ltr'>summo-</span> 
     </span>
     <span class='ocr_line' id='line_1_28' title="bbox 111 2975 2467 3055; baseline 0.001 -18"><span class='ocrx_word' id='word_1_244' title='bbox 111 2992 253 3053; x_wconf 88' lang='lat' dir='ltr'>pere</span> <span class='ocrx_word' id='word_1_245' title='bbox 297 2977 604 3055; x_wconf 88' lang='lat' dir='ltr'>intersunt,</span> <span class='ocrx_word' id='word_1_246' title='bbox 650 2975 847 3039; x_wconf 89' lang='lat' dir='ltr'>divina</span> <span class='ocrx_word' id='word_1_247' title='bbox 898 2976 1248 3040; x_wconf 86' lang='lat' dir='ltr'>revelatione</span> <span class='ocrx_word' id='word_1_248' title='bbox 1290 2986 1706 3055; x_wconf 84' lang='lat' dir='ltr'>proponantur.</span> <span class='ocrx_word' id='word_1_249' title='bbox 1751 2975 1946 3048; x_wconf 87' lang='lat' dir='ltr'>Quare</span> <span class='ocrx_word' id='word_1_250' title='bbox 1988 2978 2282 3054; x_wconf 89' lang='lat' dir='ltr'>sapienter</span> <span class='ocrx_word' id='word_1_251' title='bbox 2323 2993 2467 3041; x_wconf 90' lang='lat' dir='ltr'>con-</span> 
     </span>
     <span class='ocr_line' id='line_1_29' title="bbox 112 3071 2463 3152; baseline -0.001 -15"><span class='ocrx_word' id='word_1_252' title='bbox 112 3074 305 3137; x_wconf 88' lang='lat' dir='ltr'>cludit</span> <span class='ocrx_word' id='word_1_253' title='bbox 333 3071 390 3135; x_wconf 91' lang='lat' dir='ltr'>S.</span> <span class='ocrx_word' id='word_1_254' title='bbox 422 3071 716 3137; x_wconf 90' lang='lat' dir='ltr'>Thomas:</span> <span class='ocrx_word' id='word_1_255' title='bbox 765 3095 800 3131; x_wconf 85' lang='lat'>«</span> <span class='ocrx_word' id='word_1_256' title='bbox 831 3072 1164 3137; x_wconf 88' lang='lat' dir='ltr'>Salubriter</span> <span class='ocrx_word' id='word_1_257' title='bbox 1199 3074 1396 3137; x_wconf 90' lang='lat' dir='ltr'>divina</span> <span class='ocrx_word' id='word_1_258' title='bbox 1426 3074 1686 3152; x_wconf 92' lang='lat' dir='ltr'>providit</span> <span class='ocrx_word' id='word_1_259' title='bbox 1726 3074 2032 3137; x_wconf 89' lang='lat' dir='ltr'>clementia</span> <span class='ocrx_word' id='word_1_260' title='bbox 2074 3083 2140 3137; x_wconf 91' lang='lat' dir='ltr'>ut</span> <span class='ocrx_word' id='word_1_261' title='bbox 2168 3090 2237 3137; x_wconf 89' lang='lat' dir='ltr'>ea</span> <span class='ocrx_word' id='word_1_262' title='bbox 2264 3074 2463 3148; x_wconf 89' lang='lat' dir='ltr'>etiam,</span> 
     </span>
     <span class='ocr_line' id='line_1_30' title="bbox 109 3170 2463 3251; baseline 0 -20"><span class='ocrx_word' id='word_1_263' title='bbox 109 3186 265 3249; x_wconf 90' lang='lat' dir='ltr'>quae</span> <span class='ocrx_word' id='word_1_264' title='bbox 307 3171 462 3236; x_wconf 88' lang='lat' dir='ltr'>ratio</span> <span class='ocrx_word' id='word_1_265' title='bbox 503 3171 858 3251; x_wconf 89' lang='lat' dir='ltr'>investigare</span> <span class='ocrx_word' id='word_1_266' title='bbox 905 3180 1119 3249; x_wconf 85' lang='lat' dir='ltr'>potest,</span> <span class='ocrx_word' id='word_1_267' title='bbox 1148 3170 1262 3234; x_wconf 85' lang='lat' dir='ltr'>fide</span> <span class='ocrx_word' id='word_1_268' title='bbox 1307 3172 1554 3234; x_wconf 89' lang='lat' dir='ltr'>tenenda</span> <span class='ocrx_word' id='word_1_269' title='bbox 1599 3174 1988 3251; x_wconf 79' lang='lat' dir='ltr'>praeciperet3</span> <span class='ocrx_word' id='word_1_270' title='bbox 2032 3181 2097 3234; x_wconf 95' lang='lat' dir='ltr'>ut</span> <span class='ocrx_word' id='word_1_271' title='bbox 2136 3173 2222 3234; x_wconf 92' lang='lat' dir='ltr'>sic</span> <span class='ocrx_word' id='word_1_272' title='bbox 2265 3187 2463 3234; x_wconf 81' lang='lat' dir='ltr'>omncs</span> 
     </span>
     <span class='ocr_line' id='line_1_31' title="bbox 110 3267 2460 3349; baseline 0 -19"><span class='ocrx_word' id='word_1_273' title='bbox 110 3269 182 3330; x_wconf 93' lang='lat' dir='ltr'>de</span> <span class='ocrx_word' id='word_1_274' title='bbox 224 3267 391 3331; x_wconf 88' lang='lat' dir='ltr'>facili</span> <span class='ocrx_word' id='word_1_275' title='bbox 419 3275 656 3346; x_wconf 89' lang='lat' dir='ltr'>possent</span> <span class='ocrx_word' id='word_1_276' title='bbox 684 3269 915 3332; x_wconf 90' lang='lat' dir='ltr'>divinae</span> <span class='ocrx_word' id='word_1_277' title='bbox 959 3269 1305 3347; x_wconf 89' lang='lat' dir='ltr'>cognitionis</span> <span class='ocrx_word' id='word_1_278' title='bbox 1349 3270 1666 3348; x_wconf 90' lang='lat' dir='ltr'>participes</span> <span class='ocrx_word' id='word_1_279' title='bbox 1694 3286 1824 3333; x_wconf 86' lang='lat' dir='ltr'>esse</span> <span class='ocrx_word' id='word_1_280' title='bbox 1866 3277 1923 3332; x_wconf 91' lang='lat' dir='ltr'>et</span> <span class='ocrx_word' id='word_1_281' title='bbox 1966 3271 2187 3349; x_wconf 86' lang='lat' dir='ltr'>absque</span> <span class='ocrx_word' id='word_1_282' title='bbox 2230 3270 2460 3332; x_wconf 90' lang='lat' dir='ltr'>dubita-</span> 
     </span>
     <span class='ocr_line' id='line_1_32' title="bbox 109 3362 1971 3455; baseline -0.002 -29"><span class='ocrx_word' id='word_1_283' title='bbox 109 3366 274 3427; x_wconf 86' lang='lat' dir='ltr'>tione</span> <span class='ocrx_word' id='word_1_284' title='bbox 313 3373 371 3429; x_wconf 91' lang='lat' dir='ltr'>et</span> <span class='ocrx_word' id='word_1_285' title='bbox 411 3381 606 3429; x_wconf 87' lang='lat' dir='ltr'>errore</span> <span class='ocrx_word' id='word_1_286' title='bbox 651 3362 754 3445; x_wconf 73' lang='lat'>(2).</span> <span class='ocrx_word' id='word_1_287' title='bbox 799 3387 842 3445; x_wconf 25' lang='grc' dir='ltr'>ι»</span> <span class='ocrx_word' id='word_1_288' title='bbox 1968 3450 1971 3455; x_wconf 24' lang='grc'>-</span> 
     </span>
    </p>

    <p class='ocr_par' dir='ltr' id='par_1_5' title="bbox 105 3460 2462 4131">
     <span class='ocr_line' id='line_1_33' title="bbox 200 3460 2462 3545; baseline 0.001 -21"><span class='ocrx_word' id='word_1_289' title='bbox 200 3460 356 3524; x_wconf 90' lang='lat' dir='ltr'>Hinc</span> <span class='ocrx_word' id='word_1_290' title='bbox 386 3472 565 3541; x_wconf 89' lang='lat' dir='ltr'>patet,</span> <span class='ocrx_word' id='word_1_291' title='bbox 593 3464 770 3526; x_wconf 88' lang='lat' dir='ltr'>etiam</span> <span class='ocrx_word' id='word_1_292' title='bbox 815 3479 921 3543; x_wconf 86' lang='lat' dir='ltr'>pro</span> <span class='ocrx_word' id='word_1_293' title='bbox 967 3472 1128 3527; x_wconf 87' lang='lat' dir='ltr'>statu</span> <span class='ocrx_word' id='word_1_294' title='bbox 1169 3466 1443 3545; x_wconf 83' lang='lat' dir='ltr'>naturali,</span> <span class='ocrx_word' id='word_1_295' title='bbox 1473 3466 1883 3528; x_wconf 88' lang='lat' dir='ltr'>revelationem</span> <span class='ocrx_word' id='word_1_296' title='bbox 1915 3465 2173 3528; x_wconf 90' lang='lat' dir='ltr'>divinam</span> <span class='ocrx_word' id='word_1_297' title='bbox 2217 3480 2462 3528; x_wconf 90' lang='lat' dir='ltr'>consen·</span> 
     </span>
     <span class='ocr_line' id='line_1_34' title="bbox 113 3558 2456 3641; baseline 0.002 -21"><span class='ocrx_word' id='word_1_298' title='bbox 113 3567 356 3620; x_wconf 88' lang='lat' dir='ltr'>taneam</span> <span class='ocrx_word' id='word_1_299' title='bbox 394 3561 615 3623; x_wconf 88' lang='lat' dir='ltr'>bomini</span> <span class='ocrx_word' id='word_1_300' title='bbox 645 3562 846 3623; x_wconf 81' lang='lat' dir='ltr'>fuisse.</span> <span class='ocrx_word' id='word_1_301' title='bbox 881 3558 1053 3635; x_wconf 84' lang='lat' dir='ltr'>Quod</span> <span class='ocrx_word' id='word_1_302' title='bbox 1095 3563 1331 3641; x_wconf 92' lang='lat' dir='ltr'>insuper</span> <span class='ocrx_word' id='word_1_303' title='bbox 1358 3579 1428 3626; x_wconf 86' lang='lat' dir='ltr'>ex</span> <span class='ocrx_word' id='word_1_304' title='bbox 1471 3563 1604 3626; x_wconf 92' lang='lat' dir='ltr'>aliis</span> <span class='ocrx_word' id='word_1_305' title='bbox 1648 3565 1877 3626; x_wconf 91' lang='lat' dir='ltr'>duobus</span> <span class='ocrx_word' id='word_1_306' title='bbox 1920 3566 2211 3640; x_wconf 89' lang='lat' dir='ltr'>capitibus</span> <span class='ocrx_word' id='word_1_307' title='bbox 2244 3563 2456 3626; x_wconf 84' lang='lat' dir='ltr'>confir-</span> 
     </span>
     <span class='ocr_line' id='line_1_35' title="bbox 108 3658 2455 3741; baseline 0.001 -22"><span class='ocrx_word' id='word_1_308' title='bbox 108 3658 267 3721; x_wconf 87' lang='lat' dir='ltr'>mari</span> <span class='ocrx_word' id='word_1_309' title='bbox 309 3667 514 3737; x_wconf 89' lang='lat' dir='ltr'>potest.</span> <span class='ocrx_word' id='word_1_310' title='bbox 559 3658 847 3733; x_wconf 87' lang='lat' dir='ltr'>Primum,</span> <span class='ocrx_word' id='word_1_311' title='bbox 891 3662 1030 3738; x_wconf 92' lang='lat' dir='ltr'>quia</span> <span class='ocrx_word' id='word_1_312' title='bbox 1075 3676 1398 3741; x_wconf 88' lang='lat' dir='ltr'>congruum</span> <span class='ocrx_word' id='word_1_313' title='bbox 1452 3662 1681 3725; x_wconf 88' lang='lat' dir='ltr'>videtur</span> <span class='ocrx_word' id='word_1_314' title='bbox 1725 3671 1790 3725; x_wconf 91' lang='lat' dir='ltr'>ut</span> <span class='ocrx_word' id='word_1_315' title='bbox 1831 3662 2010 3724; x_wconf 89' lang='lat' dir='ltr'>etiam</span> <span class='ocrx_word' id='word_1_316' title='bbox 2051 3662 2108 3723; x_wconf 91' lang='lat' dir='ltr'>in</span> <span class='ocrx_word' id='word_1_317' title='bbox 2151 3661 2252 3724; x_wconf 89' lang='lat' dir='ltr'>illo</span> <span class='ocrx_word' id='word_1_318' title='bbox 2294 3668 2455 3722; x_wconf 91' lang='lat' dir='ltr'>statu</span> 
     </span>
     <span class='ocr_line' id='line_1_36' title="bbox 108 3756 2455 3839; baseline 0.001 -21"><span class='ocrx_word' id='word_1_319' title='bbox 108 3756 482 3819; x_wconf 89' lang='lat' dir='ltr'>determinati</span> <span class='ocrx_word' id='word_1_320' title='bbox 538 3760 692 3819; x_wconf 90' lang='lat' dir='ltr'>ritus</span> <span class='ocrx_word' id='word_1_321' title='bbox 745 3765 923 3837; x_wconf 89' lang='lat' dir='ltr'>atque</span> <span class='ocrx_word' id='word_1_322' title='bbox 964 3759 1141 3833; x_wconf 91' lang='lat' dir='ltr'>modi,</span> <span class='ocrx_word' id='word_1_323' title='bbox 1181 3760 1398 3839; x_wconf 89' lang='lat' dir='ltr'>quibus</span> <span class='ocrx_word' id='word_1_324' title='bbox 1442 3757 1603 3823; x_wconf 85' lang='lat' dir='ltr'>Deus</span> <span class='ocrx_word' id='word_1_325' title='bbox 1644 3760 1923 3823; x_wconf 89' lang='lat' dir='ltr'>colendus</span> <span class='ocrx_word' id='word_1_326' title='bbox 1969 3761 2134 3831; x_wconf 86' lang='lat' dir='ltr'>foret,</span> <span class='ocrx_word' id='word_1_327' title='bbox 2176 3773 2209 3819; x_wconf 92' lang='lat' dir='ltr'>a</span> <span class='ocrx_word' id='word_1_328' title='bbox 2256 3758 2455 3821; x_wconf 89' lang='lat' dir='ltr'>divina</span> 
     </span>
     <span class='ocr_line' id='line_1_37' title="bbox 105 3855 2454 3935; baseline 0.001 -20"><span class='ocrx_word' id='word_1_329' title='bbox 105 3855 413 3918; x_wconf 90' lang='lat' dir='ltr'>voluntate</span> <span class='ocrx_word' id='word_1_330' title='bbox 440 3855 924 3930; x_wconf 82' lang='lat' dir='ltr'>decernerentur3</span> <span class='ocrx_word' id='word_1_331' title='bbox 953 3871 1122 3919; x_wconf 89' lang='lat' dir='ltr'>secus</span> <span class='ocrx_word' id='word_1_332' title='bbox 1162 3858 1336 3920; x_wconf 84' lang='lat' dir='ltr'>homo</span> <span class='ocrx_word' id='word_1_333' title='bbox 1378 3858 1594 3935; x_wconf 87' lang='lat' dir='ltr'>iugiter</span> <span class='ocrx_word' id='word_1_334' title='bbox 1634 3858 1903 3921; x_wconf 89' lang='lat' dir='ltr'>dubitare</span> <span class='ocrx_word' id='word_1_335' title='bbox 1934 3856 2223 3934; x_wconf 87' lang='lat' dir='ltr'>potuisset</span> <span class='ocrx_word' id='word_1_336' title='bbox 2253 3863 2454 3918; x_wconf 91' lang='lat' dir='ltr'>utrum</span> 
     </span>
     <span class='ocr_line' id='line_1_38' title="bbox 106 3952 2448 4033; baseline 0.002 -20"><span class='ocrx_word' id='word_1_337' title='bbox 106 3953 332 4026; x_wconf 79' lang='lat' dir='ltr'>cultuS,</span> <span class='ocrx_word' id='word_1_338' title='bbox 371 3968 544 4031; x_wconf 89' lang='lat' dir='ltr'>quem</span> <span class='ocrx_word' id='word_1_339' title='bbox 575 3952 697 4018; x_wconf 89' lang='lat' dir='ltr'>Deo</span> <span class='ocrx_word' id='word_1_340' title='bbox 726 3960 1069 4033; x_wconf 84' lang='lat' dir='ltr'>praestaret,</span> <span class='ocrx_word' id='word_1_341' title='bbox 1112 3962 1462 4032; x_wconf 87' lang='lat' dir='ltr'>acceptusne</span> <span class='ocrx_word' id='word_1_342' title='bbox 1503 3954 1585 4016; x_wconf 89' lang='lat' dir='ltr'>illi</span> <span class='ocrx_word' id='word_1_343' title='bbox 1630 3963 1788 4016; x_wconf 87' lang='lat' dir='ltr'>esset</span> <span class='ocrx_word' id='word_1_344' title='bbox 1829 3970 1902 4014; x_wconf 92' lang='lat' dir='ltr'>an</span> <span class='ocrx_word' id='word_1_345' title='bbox 1947 3969 2139 4016; x_wconf 81' lang='lat' dir='ltr'>secus,</span> <span class='ocrx_word' id='word_1_346' title='bbox 2185 3953 2448 4032; x_wconf 89' lang='lat' dir='ltr'>Itemque</span> 
     </span>
     <span class='ocr_line' id='line_1_39' title="bbox 105 4048 2453 4131; baseline 0 -19"><span class='ocrx_word' id='word_1_347' title='bbox 105 4051 326 4130; x_wconf 89' lang='lat' dir='ltr'>culpae</span> <span class='ocrx_word' id='word_1_348' title='bbox 351 4051 629 4129; x_wconf 84' lang='lat' dir='ltr'>expiatio,</span> <span class='ocrx_word' id='word_1_349' title='bbox 653 4051 847 4131; x_wconf 87' lang='lat' dir='ltr'>qualis</span> <span class='ocrx_word' id='word_1_350' title='bbox 877 4048 999 4113; x_wconf 88' lang='lat' dir='ltr'>Deo</span> <span class='ocrx_word' id='word_1_351' title='bbox 1030 4049 1303 4127; x_wconf 88' lang='lat' dir='ltr'>placeret,</span> <span class='ocrx_word' id='word_1_352' title='bbox 1325 4053 1401 4113; x_wconf 92' lang='lat' dir='ltr'>ab</span> <span class='ocrx_word' id='word_1_353' title='bbox 1428 4052 1557 4129; x_wconf 89' lang='lat' dir='ltr'>ipso</span> <span class='ocrx_word' id='word_1_354' title='bbox 1581 4048 1702 4114; x_wconf 91' lang='lat' dir='ltr'>Deo</span> <span class='ocrx_word' id='word_1_355' title='bbox 1732 4050 2108 4113; x_wconf 87' lang='lat' dir='ltr'>determinari</span> <span class='ocrx_word' id='word_1_356' title='bbox 2138 4052 2453 4116; x_wconf 90' lang='lat' dir='ltr'>debuisset.</span> 
     </span>
    </p>
   </div>
   <div class='ocr_carea' id='block_1_3' title="bbox 197 4210 1136 4353">
    <p class='ocr_par' dir='ltr' id='par_1_6' title="bbox 197 4210 1136 4353">
     <span class='ocr_line' id='line_1_40' title="bbox 197 4210 1136 4275; baseline 0.003 -17"><span class='ocrx_word' id='word_1_357' title='bbox 197 4210 273 4273; x_wconf 83' lang='lat'>(1)</span> <span class='ocrx_word' id='word_1_358' title='bbox 319 4211 516 4260; x_wconf 81' lang='lat' dir='ltr'>Contra</span> <span class='ocrx_word' id='word_1_359' title='bbox 547 4211 792 4275; x_wconf 70' lang='lat' dir='ltr'>pentiles,</span> <span class='ocrx_word' id='word_1_360' title='bbox 828 4210 908 4259; x_wconf 85' lang='lat' dir='ltr'>tib.</span> <span class='ocrx_word' id='word_1_361' title='bbox 940 4210 974 4269; x_wconf 85' lang='grc' dir='ltr'>Ι,</span> <span class='ocrx_word' id='word_1_362' title='bbox 1008 4224 1047 4259; x_wconf 84' lang='lat' dir='ltr'>c.</span> <span class='ocrx_word' id='word_1_363' title='bbox 1089 4210 1136 4261; x_wconf 91' lang='lat'>5.</span> 
     </span>
     <span class='ocr_line' id='line_1_41' title="bbox 203 4291 584 4353; baseline 0 -13"><span class='ocrx_word' id='word_1_364' title='bbox 203 4291 272 4353; x_wconf 82' lang='grc'>(2)</span> <span class='ocrx_word' id='word_1_365' title='bbox 308 4291 431 4342; x_wconf 88' lang='lat' dir='ltr'>Ibid.</span> <span class='ocrx_word' id='word_1_366' title='bbox 465 4307 506 4342; x_wconf 88' lang='lat' dir='ltr'>c.</span> <span class='ocrx_word' id='word_1_367' title='bbox 539 4293 584 4340; x_wconf 81' lang='lat'>4.</span> 
     </span>
    </p>
   </div>
  </div>
 </body>
</html>
