3159 4934
402 294 488 338 curun
507 297 532 338 u.
551 297 586 338 nn
603 295 745 340 soctcrnrn
763 297 843 340 crvrnr
1154 286 1207 342 att

34 415 160 470 naturae
175 407 356 472 dissentiens.
370 405 449 472 ldem
462 409 579 471 dicatur
593 409 629 472 dc
644 410 802 488 multiplici
818 411 959 474 varietate
975 413 1136 478 activitatis
1149 415 1209 475 hu·

33 521 150 582 manae,
166 521 242 584 quae
255 511 399 585 quatenus
413 505 443 568 in
458 506 576 570 diverso
590 523 694 586 genere
709 523 741 570 se
755 509 895 587 explicat,
910 509 1108 587 peculiaribus
1128 509 1207 572 ordi-

35 605 125 667 nibus
140 603 192 666 dat
206 603 357 682 originem,
371 604 422 683 qui
444 607 595 683 proprium
610 607 697 668 tinem
719 622 754 669 ac
777 606 897 684 proinde
912 608 1062 686 propriam
1080 608 1206 671 formam
1273 662 1277 671 .

31 709 64 764 et
87 703 240 779 proprium
263 709 375 764 motum
395 703 452 765 sibi
473 702 629 766 vindicant.
645 701 709 767 Hos
723 703 814 766 etiam
829 705 993 768 coordinari
1010 711 1134 784 oportet,
1148 720 1206 768 non

35 799 200 879 subiugari.

81 896 175 961 Odiic.
198 895 250 961 IV.
274 895 353 961 Ordo
374 899 607 976 perfectissimus
629 899 679 963 ille
699 907 755 978 est,
782 901 834 978 qui
857 901 987 963 cernitur
1007 900 1036 961 in
1064 900 1208 963 exercitu.

36 997 81 1058 At
96 1004 247 1059 structura
268 995 416 1060 exercitus
437 1012 493 1061 non
514 999 725 1074 organismum,
746 998 799 1060 sed
813 999 1045 1061 mechanismum
1060 999 1205 1060 imitatur.

38 1091 121 1172 Ergo
141 1093 302 1156 ordinatior
321 1095 377 1157 erit
398 1095 534 1168 societas,
556 1095 580 1156 si
602 1094 783 1159 consimilem
806 1103 989 1160 structuram
1010 1095 1121 1159 induat.

79 1190 116 1255 R.
141 1190 337 1255 Trunsnitto
357 1195 503 1256 maionem
524 1203 554 1257 et
573 1195 733 1272 minoren,
755 1204 786 1258 et
806 1214 884 1274 nepo
904 1196 1071 1275 paritatem.
1119 1197 1126 1244 Γ

77 1289 127 1353 Ab
148 1291 281 1353 exercitu
302 1291 341 1353 ad
362 1293 533 1356 societatem
556 1293 705 1370 politicam
733 1292 810 1356 male
836 1294 1010 1357 transfertur
1035 1293 1207 1357 similitudo.

38 1385 120 1452 Finis
141 1388 218 1451 enirn
236 1390 382 1453 exercitus
403 1397 450 1476 est
470 1391 598 1454 maxime
619 1391 761 1470 simplex;
783 1391 853 1452 linis
867 1398 969 1454 contra
991 1391 1141 1454 societatis
1157 1406 1210 1468 po-

38 1487 139 1550 liticae
160 1496 209 1550 est
228 1489 355 1551 maxime
377 1488 556 1566 complexus.
571 1487 729 1552 Exercitus
751 1491 812 1553 huc
828 1489 929 1562 tendit,
944 1496 978 1551 ut
992 1489 1054 1551 rim
1069 1489 1206 1554 hostilem

37 1601 180 1664 superare
194 1588 299 1664 possin
316 1585 354 1648 ud
368 1587 446 1666 quod
462 1587 588 1650 maxime
609 1587 721 1650 confert
735 1587 917 1650 constructio
937 1586 1027 1649 veluti
1043 1587 1207 1661 machinae,

37 1699 114 1762 quae
135 1691 247 1746 motum
262 1699 342 1747 mere
357 1684 479 1762 recipiat
493 1693 523 1746 et
542 1692 730 1762 exsequatur.
746 1684 787 1747 At
807 1685 933 1748 societas
947 1685 1067 1763 politica
1082 1700 1135 1762 pro
1151 1686 1208 1748 fine

37 1781 129 1844 habet
139 1782 269 1844 ordinem
281 1788 432 1845 externum
443 1789 474 1844 et
483 1782 644 1861 publicum,
656 1790 790 1862 respectu
803 1785 946 1847 bonorum
957 1785 1034 1846 vitae
1042 1781 1206 1857 humanac3

37 1895 114 1957 quae
135 1879 288 1957 multiplex
313 1888 359 1943 est
379 1889 409 1942 et
429 1881 562 1944 diversos
591 1882 677 1944 orbes
702 1881 866 1944 activitatis
893 1881 1029 1944 includit
1052 1879 1207 1946 Praeterea

36 1977 185 2041 exercitus
205 1993 261 2041 non
282 1978 414 2056 exsurgit
434 1994 470 2041 ex
492 1980 627 2056 partibus
655 1981 713 2042 tam
736 1989 803 2042 ante
824 1980 1044 2054 exsistentibus,
1064 1996 1141 2058 quae
1161 1981 1210 2041 iu·

39 2077 123 2139 ribus
145 2077 278 2156 propriis,
295 2085 445 2154 tamquam
460 2077 587 2140 minores
603 2077 769 2152 societates,
784 2085 933 2141 ornentur.
948 2077 1057 2142 Contra
1073 2094 1105 2140 se
1119 2078 1209 2141 habet

36 2176 166 2238 societas
187 2175 314 2257 politica,
335 2192 411 2255 quac
433 2185 466 2239 ut
487 2178 683 2240 communitas
709 2179 838 2255 perlecta
864 2178 995 2240 nascitur
1015 2193 1052 2241 cx
1076 2192 1210 2241 commu·

36 2274 182 2337 nitatibus
202 2275 482 2354 imperfectioribus;
509 2275 665 2354 siquidem,
687 2285 720 2338 ut
746 2277 885 2339 observat
909 2273 938 2339 S.
960 2275 1101 2349 Thomas,
1126 2274 1211 2338 sient

35 2372 125 2435 omns
153 2373 353 2474 constitpitnr
380 2391 418 2461 en
437 2371 585 2452 pinribns
612 2372 763 2449 domnius,
791 2375 838 2437 sic
863 2372 974 2437 civitas
1003 2392 1042 2436 en
1063 2370 1210 2454 pluritas

35 2471 116 2535 picis
133 2470 183 2553 (1).

512 2654 680 2717 Auricunus
703 2651 741 2716 V.

373 2783 422 2849 De
442 2804 593 2866 snprentn
612 2789 766 2864 potestate
788 2785 880 2849 cicili.

77 2961 129 3027 52.
151 2960 225 3044 pult
249 2967 388 3049 potestas
408 2977 567 3048 suprema.
591 2957 735 3041 Suprema
757 2972 899 3042 potestas,
919 2980 997 3042 quae
1016 2965 1105 3028 etiam
1124 2981 1212 3026 snm·

34 3079 125 3125 mnan
146 3063 319 3142 imperinm,
340 3070 371 3125 et
391 3071 511 3142 propter
525 3063 710 3140 dignitatern,
724 3079 781 3140 qua
804 3062 906 3141 fulget,
919 3063 1070 3126 maiestas
1090 3080 1209 3143 quoque

36 3159 222 3234 nominatum
245 3161 360 3223 deliniri
383 3157 566 3238 potest31ns
584 3156 785 3240 pnbernundi
797 3158 1034 3240 rempublicam
1054 3178 1121 3224 seu:
1137 3159 1212 3224 Mo-

36 3257 120 3320 ralr's
141 3255 291 3338 paenitus,
314 3257 353 3322 ab
373 3257 439 3322 adiu
459 3256 677 3338 independens,
699 3277 762 3340 pno
781 3259 896 3322 ciuium
911 3261 1048 3322 actiones
1068 3258 1112 3322 ad
1130 3276 1209 3321 cont-

33 3375 133 3418 mnne
153 3355 265 3419 bonnm
286 3353 476 3436 diripiuntur.
498 3354 615 3421 Dicitur
634 3354 935 3434 morciisfncndtos‚
959 3365 992 3419 ut
1009 3357 1209 3436 distinguatur

35 3471 54 3516 a
79 3455 108 3516 ri
123 3469 202 3516 mere
218 3455 340 3532 physica
355 3462 385 3516 et
402 3455 466 3516 eius
483 3455 606 3533 genuina
621 3470 710 3518 catrsa
725 3454 898 3532 explicetur.
916 3453 988 3518 Tota
1004 3456 1080 3516 enim
1099 3461 1209 3532 quanta

34 3561 99 3624 est,
119 3567 135 3612 a
157 3553 267 3615 ratione
288 3552 434 3632 procedit;
455 3567 531 3631 quae
559 3553 653 3615 dictat
684 3569 739 3616 non
762 3552 918 3630 praestitui
947 3569 964 3613 a
986 3552 1089 3614 natura
1110 3553 1209 3625 tinem,

36 3649 113 3727 quin
133 3649 210 3713 illico
231 3652 268 3713 ab
283 3649 384 3713 eadem
406 3651 459 3712 liat
479 3659 609 3728 potestas
630 3651 667 3714 ad
682 3650 764 3712 illum
787 3649 930 3728 dirigendi
953 3665 988 3712 ac
1009 3649 1208 3728 promovendi.

36 3746 187 3812 Additur:
209 3747 248 3811 ob
269 3746 336 3810 alin
355 3746 572 3827 independens,
595 3756 629 3810 ut
647 3749 700 3811 dos
721 3748 885 3826 explicetur
906 3762 1060 3824 supremae
1080 3747 1210 3809 auctori·

35 3845 120 3919 tatis,
143 3861 218 3924 quae
239 3853 327 3920 certe,
355 3853 388 3908 ut
409 3861 545 3923 suprema
574 3846 623 3920 sit,
642 3846 728 3908 alteri
758 3844 897 3923 potestati
924 3843 954 3904 in
982 3844 1084 3906 codem
1108 3843 1210 3908 ordine

37 3942 174 4006 subiecta
196 3961 262 4006 esse
282 3960 338 4007 non
359 3944 454 4007 debet.
477 3941 550 4007 Pars
572 3959 641 4007 vero
661 3943 729 4006 illa:
751 3942 864 4006 civium
892 3940 1029 4004 actiones
1053 3943 1210 4005 materiam

36 4041 189 4120 exprimit,
208 4042 287 4105 circa
308 4058 397 4122 quarn
419 4042 466 4103 ius
488 4040 668 4119 gubernandi
691 4049 834 4104 versatur.
850 4037 982 4118 Denique
1003 4035 1117 4103 bonnm
1130 4057 1212 4104 com·

86 4255 123 4316 (l)
136 4255 162 4303 ln
179 4254 212 4310 ,1-
228 4254 412 4306 Pniitt'comtnn,
430 4253 485 4301 lect.
502 4253 523 4301 l.
