3159 4934
303 338 355 394 lid
591 350 631 393 ros
650 350 774 393 nnnunsn
792 368 802 377 -
822 350 888 393 runs
906 352 923 392 1.
942 350 985 393 ros
1004 349 1173 394 runrvmnaun

303 466 470 531 Conditoris
491 467 659 529 constitutio
680 468 718 529 ab
739 467 907 530 homiuibus
928 474 1168 543 commutaretur,
1189 467 1342 545 ingruente
1362 481 1467 529 neces·

302 566 399 639 silate,
419 581 477 643 qua
498 580 590 643 genus
609 565 782 638 humanum,
803 566 862 627 iam
889 564 975 627 valde
994 572 1187 643 propagatum
1215 572 1246 627 ot
1273 564 1303 627 in
1330 564 1468 626 diversas

302 663 429 726 divisum
451 661 589 736 tantillas,
604 662 722 725 minime
743 670 843 740 posset
857 677 948 741 aeque
970 678 1022 741 pro
1041 660 1166 740 singulis
1185 662 1342 725 utilitatem
1364 662 1471 741 decer-

300 776 367 839 pere
380 776 417 823 ex
435 761 524 823 rebus
545 762 574 822 lu
591 759 686 821 medio
709 761 820 838 positis.
836 758 913 822 Hinc
934 776 951 822 a
974 758 1122 837 primitiva
1143 774 1243 822 rerum
1263 760 1471 823 communione

300 858 433 921 homines
454 859 621 930 recessisse,
640 857 784 921 divisione
806 859 946 921 bonorum
968 864 998 919 ct
1018 857 1154 919 dominiis
1175 858 1306 935 invectis,
1329 857 1360 920 ui
1381 872 1471 936 geue-

303 955 375 1018 ralis
396 964 425 1018 et
446 964 545 1019 mutae
566 955 718 1017 cuiusdam
741 956 940 1019 conventionis
954 953 1006 1034 (l).

343 1050 452 1116 Verum
474 1054 549 1114 liaeo
571 1054 713 1115 sententia
735 1068 793 1115 non
814 1054 910 1116 solum
931 1053 1080 1139 historiae,
1101 1055 1152 1116 sed
1177 1056 1266 1117 etiam
1292 1055 1414 1141 rationi
1424 1071 1472 1117 re-

65 1212 71 1250 ,
221 1154 423 1245 pugnat,
444 1159 474 1212 ct
500 1148 718 1245 Communismo
746 1167 845 1213 ansam
874 1153 1002 1229 praebet.
1024 1150 1057 1215 ln
1086 1153 1188 1231 primis
1214 1154 1292 1215 enim
1320 1155 1471 1217 eiusmodi

16 1250 82 1275 l
103 1255 107 1264 “
128 1216 246 1321 ΜΝ
261 1248 452 1363 generalis
474 1248 633 1320 conventio,
649 1246 731 1311 initio
744 1249 933 1326 dispersionis
947 1249 1123 1312 familiarum
1138 1251 1226 1324 lacta,
1241 1252 1358 1315 omnino
1373 1254 1471 1331 gratis

59 1344 61 1351 ’
96 1341 141 1375 *¹
237 1328 453 1449 Μ-ιιειιιίιιιι,
468 1362 520 1410 nec
541 1347 604 1408 eius
621 1347 776 1424 vestigium
794 1346 942 1425 aliquod
934 1364 964 1409 ru
985 1349 1181 1410 monumentis
1195 1348 1371 1429 populorum
1384 1364 1470 1428 repe-

32 1404 122 1537 ,1³
124 1415 176 1529 ³,
183 1422 278 1542 [tusi
294 1426 387 1520 ritur,
408 1461 482 1522 quae
502 1445 594 1507 immo
616 1445 793 1506 contrarium
820 1445 932 1507 docent.
955 1442 1066 1508 Deinde
1093 1462 1127 1509 ea
1156 1446 1289 1523 pactione
1317 1463 1469 1511 recessum

40 1615 57 1625 ..
64 1552 170 1639 ,mg
164 1506 240 1633 ’ἦ
244 1588 283 1619 μ,
300 1544 406 1606 luisset
426 1561 443 1605 a
465 1542 616 1619 primitivo
636 1543 702 1617 line,
718 1558 805 1621 quem
826 1541 906 1604 Deus
919 1543 1091 1625 intenderat,
1104 1551 1135 1607 et
1155 1561 1172 1606 a
1195 1546 1370 1622 porrectiore
1384 1554 1466 1610 statu

21 1670 42 1710 ,a
56 1605 122 1736 ιῖιιἒ
134 1669 190 1732 ἀμ
301 1641 386 1704 nohis
407 1657 423 1702 a
446 1648 551 1702 natura
567 1640 724 1718 proposito.
742 1636 782 1703 Ut
796 1639 872 1701 cuim
887 1638 1064 1704 Heineecins
1079 1642 1195 1717 asserit,
1209 1643 1240 1703 si
1252 1660 1357 1705 omnes
1372 1662 1470 1724 aequa

83 1734 86 1737 ’
300 1741 432 1803 uirtutis
455 1756 560 1801 ancora
580 1736 764 1833 flagrarent,
787 1735 878 1799 nullo
898 1756 1002 1800 rernm
1024 1737 1159 1801 dominio
1186 1738 1394 1819 indlperemns
1417 1740 1469 1823 (2).

301 1835 399 1921 Quare
421 1837 564 1898 sententia
585 1835 728 1897 eiusmodi
756 1835 901 1904 contraria
923 1844 969 1897 est
989 1837 1217 1913 perfectibilitati
1239 1845 1268 1900 et
1296 1843 1467 1919 progressui

283 1934 426 1997 'naturali
447 1934 561 2012 generis
580 1933 718 2005 hnmani;
740 1932 955 2011 dicendumque
975 1934 1050 1996 loret
1070 1934 1221 2017 siluestres
1250 1938 1391 2010 homines,
1412 1939 1465 2015 qui

297 2031 390 2095 libero
411 2037 516 2094 venatu
537 2032 628 2092 vitam
648 2029 767 2107 degunt,
790 2031 870 2093 nulla
895 2030 994 2093 stabili
1022 2033 1201 2109 proprietate
1226 2041 1349 2109 utentes,
1369 2035 1465 2114 magis

296 2146 327 2193 se
348 2129 463 2191 divinae
492 2130 579 2191 menti
603 2129 835 2201 accommodare,
856 2144 944 2207 quam
970 2129 1065 2193 cultos
1086 2132 1219 2209 populos,
1241 2125 1292 2209 riui
1323 2133 1467 2196 diuisione

299 2244 398 2303 rerum
413 2244 483 2290 arva
499 2227 639 2305 subigunt
659 2235 689 2287 et
704 2226 813 2298 colunt,
826 2226 1054 2305 omnigenaeque
1068 2228 1229 2291 industriae
1249 2229 1321 2290 dant
1335 2246 1467 2308 operam.

294 2324 405 2399 Tertio,
426 2326 501 2387 seire
526 2326 564 2385 ab
584 2321 741 2389 Heiueccio
764 2321 867 2385 vellem
889 2339 946 2400 qua
971 2324 1083 2386 rationo
1104 2327 1178 2388 haee
1200 2327 1363 2401 conventio,
1384 2329 1469 2390 affir-

298 2426 425 2487 mativae
447 2423 499 2487 Dei
521 2422 580 2501 logi
603 2421 770 2495 detrahens,
791 2421 850 2483 vim
872 2421 946 2482 iuris
967 2421 1086 2484 iuduere
1110 2438 1145 2485 ue
1171 2431 1313 2500 posteros,
1335 2426 1387 2502 qui
1409 2441 1470 2488 nou

296 2528 515 2593 consenserunt,
530 2519 659 2598 obligare
679 2518 815 2595 potnerit.
796 2515 993 2580 t'Proleeto
985 2536 1033 2579 rus
1053 2534 1070 2578 a
1093 2521 1204 2582 ratione
1224 2521 1423 2601 progignitur,
1438 2534 1470 2585 et

299 2621 504 2697 obligationem
525 2618 620 2689 affert,
635 2616 732 2695 quoad
749 2616 942 2679 reverentiam
964 2615 1018 2677 sibi
1040 2617 1176 2679 debitum.
1192 2614 1276 2698 Quod
1291 2627 1389 2681 autem
1406 2621 1471 2683 tale

293 2728 350 2789 est
364 2732 419 2779 non
441 2716 514 2793 legis
533 2716 703 2816 exceptione
725 2714 775 2776 sed
797 2714 979 2777 institutione
1001 2720 1123 2775 constat.
1146 2713 1279 2793 lienique
1301 2718 1471 2796 consentio,
1495 2715 1517 2777 f

293 2832 369 2892 quae
390 2831 406 2877 a
428 2816 520 2877 libera
541 2789 690 2877 voluntate
713 2813 771 2875 vim
794 2814 894 2886 habet,
916 2815 1165 2890 percontrarium
1188 2815 1368 2877 voluntatem
1389 2781 1525 2880 solvi

166 2940 175 2963 ι
212 2940 216 2959 1
295 2920 401 2991 potest.
418 2910 448 2974 Si
463 2912 552 2989 igitur
573 2912 684 2989 populi,
698 2919 749 2973 aut
771 2910 865 2973 maior
886 2926 986 2973 eorum
1004 2926 1081 2987 pars,
1096 2910 1134 2972 ad
1149 2912 1302 2989 pristinam
1320 2914 1472 2978 bonorum

204 3051 218 3073 -ι
294 3010 527 3073 communionem
552 3009 648 3071 redire
676 3007 772 3081 velint,
794 3009 823 3069 ld
845 3008 957 3069 licitum
979 3014 1007 3069 et
1030 3010 1134 3071 rationi
1161 3019 1386 3074 consentaneum
1410 3026 1473 3090 pu-

295 3107 417 3171 tandum
438 3106 502 3167 erit.
530 3104 780 3168 Gomurnnismue
802 3106 892 3183 igitur
914 3122 968 3167 nou
990 3106 1124 3169 absolute
1148 3111 1333 3187 repugnabit,
1354 3110 1407 3171 sed
1433 3124 1473 3173 ut

293 3206 394 3269 licitus
409 3203 455 3266 vel
476 3202 579 3265 saltem
600 3203 768 3264 indifferens
790 3204 893 3265 heberi
916 3205 1030 3279 poterit.
1046 3203 1145 3281 Atque
1165 3221 1200 3266 en
1221 3206 1304 3284 origo
1326 3207 1471 3283 pestilera

292 3304 474 3377 delirlorum,
491 3315 566 3379 quae
582 3302 752 3377 tempestate
767 3300 825 3362 hac
839 3308 941 3363 nostra
954 3301 1084 3363 ordinem
1100 3303 1238 3365 socialem
1253 3304 1283 3365 in
1298 3306 1471 3368 marimum

292 3402 451 3465 discrimen
472 3398 635 3460 adducunt!
659 3394 690 3459 Si
712 3412 780 3459 vera
802 3397 885 3476 loqui
907 3397 1052 3471 volumus,
1074 3414 1129 3461 non
1154 3399 1272 3463 aliunde
1297 3413 1475 3477 manarunt,

293 3515 382 3578 quam
411 3514 447 3559 ex
472 3494 685 3558 commenticiis
711 3494 978 3571 philosophantium
1008 3496 1201 3574 opinionibus
1222 3513 1297 3576 quas
1319 3500 1474 3565 recentior

292 3605 374 3658 aetas
389 3595 484 3673 inepte
499 3592 633 3669 suspexit
646 3600 676 3652 et
691 3591 837 3653 iuventuti
851 3592 1020 3655 educandae
1032 3592 1060 3653 in
1076 3592 1184 3656 scholis
1199 3596 1276 3657 tradi
1295 3611 1384 3674 passa
1403 3609 1474 3661 est

332 3690 380 3756 74.
396 3691 570 3756 Prorosrrro
585 3686 627 3751 2².
643 3686 703 3751 Ius
725 3687 849 3752 stabilis
864 3690 1070 3769 proprietatis
1083 3709 1147 3754 non
1162 3692 1264 3755 oritur
1282 3710 1321 3755 en
1342 3691 1475 3773 lepidus

296 3793 444 3857 ciuilibus.

332 3887 419 3953 Prob.
441 3890 653 3968 Montesquieu,
676 3887 844 3953 Hieremiae
864 3887 1007 3952 Bentlranr
1032 3898 1062 3952 et
1089 3888 1237 3954 Hobbesio
1265 3896 1473 3972 consentiens,

295 3988 499 4063 proprietatem
521 4004 556 4049 ex
579 3988 696 4066 legibus
718 3987 855 4049 civilibus
876 3987 1028 4049 derivavit.
1045 3987 1097 4050 Ait
1117 3990 1206 4063 enim,
1220 3991 1355 4055 homines
1376 4000 1475 4057 natu·

338 4214 372 4275 (l)
390 4214 527 4263 Elementa
544 4216 619 4263 Iuris
637 4220 756 4268 Naturae
772 4227 797 4266 et
817 4218 955 4270 Gentium,
973 4218 986 4266 l.
1005 4218 1021 4277 l,
1038 4233 1058 4267 o.
1075 4218 1098 4267 9.

338 4294 372 4357 (2)
389 4294 448 4343 Loc.
465 4294 504 4342 eit.
522 4300 537 4351 s
553 4292 606 4341 238.
