<?xml version="1.0" encoding="UTF-8"?>
<!DOCTYPE html PUBLIC "-//W3C//DTD XHTML 1.0 Transitional//EN"
    "http://www.w3.org/TR/xhtml1/DTD/xhtml1-transitional.dtd">
<html xmlns="http://www.w3.org/1999/xhtml" xml:lang="en" lang="en">
 <head>
  <title>
</title>
<meta http-equiv="Content-Type" content="text/html;charset=utf-8" />
  <meta name='ocr-system' content='tesseract 3.04.00' />
  <meta name='ocr-capabilities' content='ocr_page ocr_carea ocr_par ocr_line ocrx_word'/>
</head>
<body>
  <div class='ocr_page' id='page_1' title='image "./institutioneset00libegoog_0104.png"; bbox 0 0 3159 4934; ppageno 0'>
   <div class='ocr_carea' id='block_1_1' title="bbox 391 369 1295 425">
    <p class='ocr_par' dir='ltr' id='par_1_1' title="bbox 391 369 1295 425">
     <span class='ocr_line' id='line_1_1' title="bbox 391 369 1295 425; baseline 0.013 -12"><span class='ocrx_word' id='word_1_1' title='bbox 391 372 476 417; x_wconf 80' lang='lat' dir='ltr'><strong>canor</strong></span> <span class='ocrx_word' id='word_1_2' title='bbox 496 374 532 417; x_wconf 91' lang='lat' dir='ltr'><strong>ru.</strong></span> <span class='ocrx_word' id='word_1_3' title='bbox 545 375 580 417; x_wconf 84' lang='lat' dir='ltr'><strong>un</strong></span> <span class='ocrx_word' id='word_1_4' title='bbox 597 374 688 419; x_wconf 85' lang='lat' dir='ltr'><strong>uonna</strong></span> <span class='ocrx_word' id='word_1_5' title='bbox 706 374 878 421; x_wconf 81' lang='lat' dir='ltr'><strong>oannarmurs</strong></span> <span class='ocrx_word' id='word_1_6' title='bbox 896 378 1024 421; x_wconf 76' lang='lat' dir='ltr'><strong>nomano</strong></span> <span class='ocrx_word' id='word_1_7' title='bbox 1257 369 1295 425; x_wconf 84' lang='lat'><strong>99</strong></span> 
     </span>
    </p>
   </div>
   <div class='ocr_carea' id='block_1_2' title="bbox 14 486 1294 966">
    <p class='ocr_par' dir='ltr' id='par_1_2' title="bbox 12 486 1294 966">
     <span class='ocr_line' id='line_1_2' title="bbox 117 486 1293 571; baseline 0.008 -18.18"><span class='ocrx_word' id='word_1_8' title='bbox 117 504 183 553; x_wconf 92' lang='lat' dir='ltr'><strong>nem</strong></span> <span class='ocrx_word' id='word_1_9' title='bbox 206 486 308 552; x_wconf 90' lang='lat' dir='ltr'><strong>violati</strong></span> <span class='ocrx_word' id='word_1_10' title='bbox 329 488 452 561; x_wconf 83' lang='lat' dir='ltr'><strong>ordinis,</strong></span> <span class='ocrx_word' id='word_1_11' title='bbox 472 488 554 551; x_wconf 86' lang='lat' dir='ltr'><strong>iuxta</strong></span> <span class='ocrx_word' id='word_1_12' title='bbox 575 490 704 553; x_wconf 75' lang='lat' dir='ltr'><strong>debitam</strong></span> <span class='ocrx_word' id='word_1_13' title='bbox 718 492 907 571; x_wconf 76' lang='lat' dir='ltr'><strong>aequalitatis</strong></span> <span class='ocrx_word' id='word_1_14' title='bbox 921 509 1099 558; x_wconf 90' lang='lat' dir='ltr'><strong>mensnram.</strong></span> <span class='ocrx_word' id='word_1_15' title='bbox 1115 494 1293 562; x_wconf 82' lang='lat' dir='ltr'><strong>Emendatio</strong></span> 
     </span>
     <span class='ocr_line' id='line_1_3' title="bbox 14 586 1291 670; baseline 0.007 -20"><span class='ocrx_word' id='word_1_16' title='bbox 14 590 28 631; x_wconf 60' lang='grc'><strong>4</strong></span> <span class='ocrx_word' id='word_1_17' title='bbox 117 594 163 651; x_wconf 91' lang='lat' dir='ltr'><strong>est</strong></span> <span class='ocrx_word' id='word_1_18' title='bbox 183 588 251 650; x_wconf 87' lang='lat' dir='ltr'><strong>finis</strong></span> <span class='ocrx_word' id='word_1_19' title='bbox 273 592 390 649; x_wconf 87' lang='lat' dir='ltr'><strong>tantum</strong></span> <span class='ocrx_word' id='word_1_20' title='bbox 412 586 620 661; x_wconf 69' lang='lat' dir='ltr'><strong>secundarium</strong></span> <span class='ocrx_word' id='word_1_21' title='bbox 641 594 671 650; x_wconf 90' lang='lat' dir='ltr'><strong>et</strong></span> <span class='ocrx_word' id='word_1_22' title='bbox 691 589 741 666; x_wconf 89' lang='lat' dir='ltr'><strong>qni</strong></span> <span class='ocrx_word' id='word_1_23' title='bbox 762 591 861 652; x_wconf 91' lang='lat' dir='ltr'><strong>locum</strong></span> <span class='ocrx_word' id='word_1_24' title='bbox 887 592 998 655; x_wconf 86' lang='lat' dir='ltr'><strong>habere</strong></span> <span class='ocrx_word' id='word_1_25' title='bbox 1026 600 1121 670; x_wconf 90' lang='lat' dir='ltr'><strong>potest</strong></span> <span class='ocrx_word' id='word_1_26' title='bbox 1151 594 1181 658; x_wconf 91' lang='lat' dir='ltr'><strong>in</strong></span> <span class='ocrx_word' id='word_1_27' title='bbox 1210 603 1291 658; x_wconf 89' lang='lat' dir='ltr'><strong>statu</strong></span> 
     </span>
     <span class='ocr_line' id='line_1_4' title="bbox 14 684 1294 769; baseline 0.008 -21"><span class='ocrx_word' id='word_1_28' title='bbox 14 688 31 730; x_wconf 47' lang='grc' dir='ltr'>ὐ</span> <span class='ocrx_word' id='word_1_29' title='bbox 117 686 200 759; x_wconf 81' lang='lat' dir='ltr'><strong>vioe,</strong></span> <span class='ocrx_word' id='word_1_30' title='bbox 221 700 277 747; x_wconf 92' lang='lat' dir='ltr'><strong>non</strong></span> <span class='ocrx_word' id='word_1_31' title='bbox 297 691 395 747; x_wconf 81' lang='lat' dir='ltr'><strong>autam</strong></span> <span class='ocrx_word' id='word_1_32' title='bbox 416 684 446 745; x_wconf 92' lang='lat' dir='ltr'><strong>in</strong></span> <span class='ocrx_word' id='word_1_33' title='bbox 467 692 547 747; x_wconf 87' lang='lat' dir='ltr'><strong>statu</strong></span> <span class='ocrx_word' id='word_1_34' title='bbox 570 686 701 750; x_wconf 78' lang='lat' dir='ltr'><strong>termini.</strong></span> <span class='ocrx_word' id='word_1_35' title='bbox 724 685 768 751; x_wconf 89' lang='lat' dir='ltr'><strong>De</strong></span> <span class='ocrx_word' id='word_1_36' title='bbox 783 695 925 766; x_wconf 91' lang='lat' dir='ltr'><strong>conceptu</strong></span> <span class='ocrx_word' id='word_1_37' title='bbox 941 704 1048 767; x_wconf 90' lang='lat' dir='ltr'><strong>poenae</strong></span> <span class='ocrx_word' id='word_1_38' title='bbox 1062 691 1107 753; x_wconf 91' lang='lat' dir='ltr'><strong>sic</strong></span> <span class='ocrx_word' id='word_1_39' title='bbox 1123 693 1234 769; x_wconf 90' lang='lat' dir='ltr'><strong>optime</strong></span> <span class='ocrx_word' id='word_1_40' title='bbox 1249 694 1294 758; x_wconf 88' lang='lat' dir='ltr'><strong>lo-</strong></span> 
     </span>
     <span class='ocr_line' id='line_1_5' title="bbox 15 779 1292 861; baseline 0.009 -18"><span class='ocrx_word' id='word_1_41' title='bbox 15 788 22 826; x_wconf 78' lang='lat'>?</span> <span class='ocrx_word' id='word_1_42' title='bbox 126 783 231 861; x_wconf 87' lang='lat' dir='ltr'><strong>quitur</strong></span> <span class='ocrx_word' id='word_1_43' title='bbox 244 780 442 859; x_wconf 84' lang='lat' dir='ltr'><strong>Taparellios:</strong></span> <span class='ocrx_word' id='word_1_44' title='bbox 456 779 509 844; x_wconf 84' lang='lat' dir='ltr'><strong>«ll</strong></span> <span class='ocrx_word' id='word_1_45' title='bbox 522 783 635 861; x_wconf 81' lang='lat' dir='ltr'><strong>castigo</strong></span> <span class='ocrx_word' id='word_1_46' title='bbox 649 782 666 846; x_wconf 83' lang='grc' dir='ltr'><strong>ι</strong></span> <span class='ocrx_word' id='word_1_47' title='bbox 679 798 735 847; x_wconf 92' lang='lat' dir='ltr'><strong>non</strong></span> <span class='ocrx_word' id='word_1_48' title='bbox 751 801 789 846; x_wconf 95' lang='lat' dir='ltr'><strong>nu</strong></span> <span class='ocrx_word' id='word_1_49' title='bbox 804 785 913 859; x_wconf 90' lang='lat' dir='ltr'><strong>dolore,</strong></span> <span class='ocrx_word' id='word_1_50' title='bbox 925 803 964 848; x_wconf 93' lang='lat' dir='ltr'><strong>nn</strong></span> <span class='ocrx_word' id='word_1_51' title='bbox 979 795 1121 852; x_wconf 89' lang='lat' dir='ltr'><strong>tormento</strong></span> <span class='ocrx_word' id='word_1_52' title='bbox 1135 789 1292 855; x_wconf 91' lang='lat' dir='ltr'><strong>dell’nomo</strong></span> 
     </span>
     <span class='ocr_line' id='line_1_6' title="bbox 14 879 1292 966; baseline 0.01 -24"><span class='ocrx_word' id='word_1_53' title='bbox 14 885 30 927; x_wconf 73' lang='lat'><strong>9:</strong></span> <span class='ocrx_word' id='word_1_54' title='bbox 125 880 276 953; x_wconf 88' lang='lat' dir='ltr'><strong>sensitivo,</strong></span> <span class='ocrx_word' id='word_1_55' title='bbox 288 892 336 940; x_wconf 89' lang='lat' dir='ltr'><strong>ma</strong></span> <span class='ocrx_word' id='word_1_56' title='bbox 351 895 408 940; x_wconf 90' lang='lat' dir='ltr'><strong>ona</strong></span> <span class='ocrx_word' id='word_1_57' title='bbox 423 879 554 943; x_wconf 90' lang='lat' dir='ltr'><strong>reazione</strong></span> <span class='ocrx_word' id='word_1_58' title='bbox 568 880 739 943; x_wconf 90' lang='lat' dir='ltr'><strong>dell’ordine</strong></span> <span class='ocrx_word' id='word_1_59' title='bbox 754 890 855 946; x_wconf 89' lang='lat' dir='ltr'><strong>contra</strong></span> <span class='ocrx_word' id='word_1_60' title='bbox 869 883 891 945; x_wconf 93' lang='lat' dir='ltr'><strong>il</strong></span> <span class='ocrx_word' id='word_1_61' title='bbox 907 883 1084 948; x_wconf 89' lang='lat' dir='ltr'><strong>disordine...</strong></span> <span class='ocrx_word' id='word_1_62' title='bbox 1098 884 1140 950; x_wconf 90' lang='lat' dir='ltr'><strong>La</strong></span> <span class='ocrx_word' id='word_1_63' title='bbox 1155 888 1292 966; x_wconf 82' lang='lat' dir='ltr'><strong>giustizia</strong></span> 
     </span>
    </p>
   </div>
   <div class='ocr_carea' id='block_1_3' title="bbox 123 976 1292 1062">
    <p class='ocr_par' dir='ltr' id='par_1_3' title="bbox 123 976 1292 1062">
     <span class='ocr_line' id='line_1_7' title="bbox 123 976 1292 1062; baseline 0.008 -21"><span class='ocrx_word' id='word_1_64' title='bbox 123 977 310 1041; x_wconf 89' lang='lat' dir='ltr'><strong>vendicativa</strong></span> <span class='ocrx_word' id='word_1_65' title='bbox 332 977 458 1055; x_wconf 89' lang='lat' dir='ltr'><strong>dunque,</strong></span> <span class='ocrx_word' id='word_1_66' title='bbox 478 977 559 1057; x_wconf 80' lang='lat' dir='ltr'><strong>longi</strong></span> <span class='ocrx_word' id='word_1_67' title='bbox 581 976 648 1041; x_wconf 91' lang='lat' dir='ltr'><strong>dall’</strong></span> <span class='ocrx_word' id='word_1_68' title='bbox 657 994 755 1042; x_wconf 90' lang='lat' dir='ltr'><strong>essere</strong></span> <span class='ocrx_word' id='word_1_69' title='bbox 777 997 816 1043; x_wconf 91' lang='lat' dir='ltr'><strong>un</strong></span> <span class='ocrx_word' id='word_1_70' title='bbox 836 980 917 1045; x_wconf 88' lang='lat' dir='ltr'><strong>eicco</strong></span> <span class='ocrx_word' id='word_1_71' title='bbox 930 981 1040 1059; x_wconf 88' lang='lat' dir='ltr'><strong>impeto</strong></span> <span class='ocrx_word' id='word_1_72' title='bbox 1060 984 1092 1045; x_wconf 90' lang='lat' dir='ltr'><strong>di</strong></span> <span class='ocrx_word' id='word_1_73' title='bbox 1113 985 1292 1062; x_wconf 73' lang='lat' dir='ltr'><strong>passiones</strong></span> 
     </span>
    </p>
   </div>
   <div class='ocr_carea' id='block_1_4' title="bbox 12 1074 1291 1354">
    <p class='ocr_par' dir='ltr' id='par_1_4' title="bbox 12 1074 1291 1354">
     <span class='ocr_line' id='line_1_8' title="bbox 14 1074 1291 1155; baseline 0.008 -19"><span class='ocrx_word' id='word_1_74' title='bbox 14 1084 21 1123; x_wconf 58' lang='grc' dir='ltr'><strong>ι</strong></span> <span class='ocrx_word' id='word_1_75' title='bbox 123 1075 243 1139; x_wconf 85' lang='lat' dir='ltr'><strong>lundata</strong></span> <span class='ocrx_word' id='word_1_76' title='bbox 264 1076 293 1137; x_wconf 91' lang='lat' dir='ltr'><strong>iu</strong></span> <span class='ocrx_word' id='word_1_77' title='bbox 314 1074 412 1153; x_wconf 88' lang='lat' dir='ltr'><strong>quella</strong></span> <span class='ocrx_word' id='word_1_78' title='bbox 430 1076 588 1139; x_wconf 88' lang='lat' dir='ltr'><strong>essenziale</strong></span> <span class='ocrx_word' id='word_1_79' title='bbox 609 1076 746 1140; x_wconf 88' lang='lat' dir='ltr'><strong>tendenza</strong></span> <span class='ocrx_word' id='word_1_80' title='bbox 768 1078 797 1140; x_wconf 89' lang='lat' dir='ltr'><strong>al</strong></span> <span class='ocrx_word' id='word_1_81' title='bbox 819 1093 889 1141; x_wconf 88' lang='lat' dir='ltr'><strong>vero</strong></span> <span class='ocrx_word' id='word_1_82' title='bbox 909 1094 926 1141; x_wconf 91' lang='lat' dir='ltr'><strong>e</strong></span> <span class='ocrx_word' id='word_1_83' title='bbox 945 1079 992 1141; x_wconf 89' lang='lat' dir='ltr'><strong>all‘</strong></span> <span class='ocrx_word' id='word_1_84' title='bbox 1002 1081 1115 1155; x_wconf 90' lang='lat' dir='ltr'><strong>ordine,</strong></span> <span class='ocrx_word' id='word_1_85' title='bbox 1130 1083 1186 1145; x_wconf 89' lang='lat' dir='ltr'><strong>che</strong></span> <span class='ocrx_word' id='word_1_86' title='bbox 1199 1084 1291 1146; x_wconf 81' lang='lat' dir='ltr'><strong>forma</strong></span> 
     </span>
     <span class='ocr_line' id='line_1_9' title="bbox 12 1172 1291 1256; baseline 0.007 -22"><span class='ocrx_word' id='word_1_87' title='bbox 12 1182 14 1209; x_wconf 74' lang='lat'>³</span> <span class='ocrx_word' id='word_1_88' title='bbox 120 1173 151 1235; x_wconf 90' lang='lat' dir='ltr'><strong>la</strong></span> <span class='ocrx_word' id='word_1_89' title='bbox 173 1180 276 1235; x_wconf 88' lang='lat' dir='ltr'><strong>natura</strong></span> <span class='ocrx_word' id='word_1_90' title='bbox 299 1180 394 1236; x_wconf 84' lang='lat' dir='ltr'><strong>stesso</strong></span> <span class='ocrx_word' id='word_1_91' title='bbox 415 1172 597 1237; x_wconf 78' lang='lat' dir='ltr'><strong>dell‘oma&#39;na</strong></span> <span class='ocrx_word' id='word_1_92' title='bbox 618 1174 809 1255; x_wconf 74' lang='lat' dir='ltr'><strong>intelligenda.</strong></span> <span class='ocrx_word' id='word_1_93' title='bbox 833 1172 910 1256; x_wconf 80' lang='lat' dir='ltr'><strong>Ogni</strong></span> <span class='ocrx_word' id='word_1_94' title='bbox 931 1177 1082 1241; x_wconf 90' lang='lat' dir='ltr'><strong>disordine</strong></span> <span class='ocrx_word' id='word_1_95' title='bbox 1095 1181 1218 1243; x_wconf 86' lang='lat' dir='ltr'><strong>essendo</strong></span> <span class='ocrx_word' id='word_1_96' title='bbox 1234 1197 1291 1243; x_wconf 89' lang='lat' dir='ltr'><strong>nna</strong></span> 
     </span>
     <span class='ocr_line' id='line_1_10' title="bbox 14 1269 1291 1354; baseline 0.006 -22"><span class='ocrx_word' id='word_1_97' title='bbox 14 1314 16 1318; x_wconf 63' lang='lat'><strong>.</strong></span> <span class='ocrx_word' id='word_1_98' title='bbox 118 1271 312 1349; x_wconf 82' lang='lat' dir='ltr'><strong>disposicione</strong></span> <span class='ocrx_word' id='word_1_99' title='bbox 326 1269 401 1334; x_wconf 91' lang='lat' dir='ltr'><strong>delle</strong></span> <span class='ocrx_word' id='word_1_100' title='bbox 415 1286 483 1336; x_wconf 89' lang='lat' dir='ltr'><strong>cose</strong></span> <span class='ocrx_word' id='word_1_101' title='bbox 498 1272 648 1346; x_wconf 87' lang='lat' dir='ltr'><strong>contraria</strong></span> <span class='ocrx_word' id='word_1_102' title='bbox 657 1271 713 1335; x_wconf 91' lang='lat' dir='ltr'><strong>alle</strong></span> <span class='ocrx_word' id='word_1_103' title='bbox 728 1288 796 1335; x_wconf 90' lang='lat' dir='ltr'><strong>vere</strong></span> <span class='ocrx_word' id='word_1_104' title='bbox 809 1274 874 1337; x_wconf 88' lang='lat' dir='ltr'><strong>loro</strong></span> <span class='ocrx_word' id='word_1_105' title='bbox 888 1274 1034 1349; x_wconf 79' lang='lat' dir='ltr'><strong>relationi,</strong></span> <span class='ocrx_word' id='word_1_106' title='bbox 1045 1275 1153 1354; x_wconf 88' lang='lat' dir='ltr'><strong>epperd</strong></span> <span class='ocrx_word' id='word_1_107' title='bbox 1165 1278 1291 1341; x_wconf 88' lang='lat' dir='ltr'><strong>essendo</strong></span> 
     </span>
    </p>
   </div>
   <div class='ocr_carea' id='block_1_5' title="bbox 119 1370 1293 1740">
    <p class='ocr_par' dir='ltr' id='par_1_5' title="bbox 119 1370 1293 1740">
     <span class='ocr_line' id='line_1_11' title="bbox 120 1370 1291 1448; baseline 0.005 -17"><span class='ocrx_word' id='word_1_108' title='bbox 120 1385 178 1431; x_wconf 90' lang='lat' dir='ltr'><strong>nna</strong></span> <span class='ocrx_word' id='word_1_109' title='bbox 200 1370 307 1443; x_wconf 78' lang='lat' dir='ltr'><strong>saisita,</strong></span> <span class='ocrx_word' id='word_1_110' title='bbox 321 1370 446 1448; x_wconf 80' lang='lat' dir='ltr'><strong>ripngna</strong></span> <span class='ocrx_word' id='word_1_111' title='bbox 460 1370 698 1433; x_wconf 80' lang='lat' dir='ltr'><strong>esseutialmente</strong></span> <span class='ocrx_word' id='word_1_112' title='bbox 713 1370 769 1434; x_wconf 92' lang='lat' dir='ltr'><strong>alla</strong></span> <span class='ocrx_word' id='word_1_113' title='bbox 783 1379 893 1447; x_wconf 73' lang='lat' dir='ltr'><strong>mentm</strong></span> <span class='ocrx_word' id='word_1_114' title='bbox 910 1373 984 1435; x_wconf 87' lang='lat' dir='ltr'><strong>code</strong></span> <span class='ocrx_word' id='word_1_115' title='bbox 996 1389 1064 1437; x_wconf 89' lang='lat' dir='ltr'><strong>essa</strong></span> <span class='ocrx_word' id='word_1_116' title='bbox 1083 1374 1228 1437; x_wconf 89' lang='lat' dir='ltr'><strong>domanda</strong></span> <span class='ocrx_word' id='word_1_117' title='bbox 1253 1392 1291 1437; x_wconf 95' lang='lat' dir='ltr'><strong>un</strong></span> 
     </span>
     <span class='ocr_line' id='line_1_12' title="bbox 119 1467 1290 1552; baseline 0.001 -22"><span class='ocrx_word' id='word_1_118' title='bbox 119 1467 250 1531; x_wconf 85' lang='lat' dir='ltr'><strong>violento</strong></span> <span class='ocrx_word' id='word_1_119' title='bbox 264 1468 375 1531; x_wconf 90' lang='lat' dir='ltr'><strong>ritorno</strong></span> <span class='ocrx_word' id='word_1_120' title='bbox 385 1467 534 1531; x_wconf 86' lang='lat' dir='ltr'><strong>all’ordine</strong></span> <span class='ocrx_word' id='word_1_121' title='bbox 546 1468 727 1546; x_wconf 87' lang='lat' dir='ltr'><strong>perturbato,</strong></span> <span class='ocrx_word' id='word_1_122' title='bbox 737 1483 753 1530; x_wconf 93' lang='lat' dir='ltr'><strong>e</strong></span> <span class='ocrx_word' id='word_1_123' title='bbox 764 1477 869 1547; x_wconf 86' lang='lat' dir='ltr'><strong>questa</strong></span> <span class='ocrx_word' id='word_1_124' title='bbox 881 1470 1008 1532; x_wconf 87' lang='lat' dir='ltr'><strong>violenza</strong></span> <span class='ocrx_word' id='word_1_125' title='bbox 1019 1468 1067 1531; x_wconf 79' lang='lat' dir='ltr'><strong>eil</strong></span> <span class='ocrx_word' id='word_1_126' title='bbox 1078 1472 1193 1551; x_wconf 80' lang='lat' dir='ltr'><strong>castigo</strong></span> <span class='ocrx_word' id='word_1_127' title='bbox 1204 1471 1258 1552; x_wconf 85' lang='lat' dir='ltr'><strong>(l).</strong></span> <span class='ocrx_word' id='word_1_128' title='bbox 1272 1495 1290 1531; x_wconf 85' lang='lat'><strong>»</strong></span> 
     </span>
     <span class='ocr_line' id='line_1_13' title="bbox 122 1562 1293 1647; baseline 0.003 -19"><span class='ocrx_word' id='word_1_129' title='bbox 122 1562 240 1628; x_wconf 87' lang='lat' dir='ltr'><strong>Verum</strong></span> <span class='ocrx_word' id='word_1_130' title='bbox 262 1564 298 1627; x_wconf 91' lang='lat' dir='ltr'><strong>de</strong></span> <span class='ocrx_word' id='word_1_131' title='bbox 318 1580 349 1627; x_wconf 94' lang='lat' dir='ltr'><strong>re</strong></span> <span class='ocrx_word' id='word_1_132' title='bbox 371 1565 428 1629; x_wconf 90' lang='lat' dir='ltr'><strong>hac</strong></span> <span class='ocrx_word' id='word_1_133' title='bbox 447 1565 541 1627; x_wconf 82' lang='lat' dir='ltr'><strong>fusius</strong></span> <span class='ocrx_word' id='word_1_134' title='bbox 569 1565 701 1629; x_wconf 91' lang='lat' dir='ltr'><strong>dicemus</strong></span> <span class='ocrx_word' id='word_1_135' title='bbox 721 1567 752 1628; x_wconf 92' lang='lat' dir='ltr'><strong>in</strong></span> <span class='ocrx_word' id='word_1_136' title='bbox 772 1566 836 1629; x_wconf 91' lang='lat' dir='ltr'><strong>iure</strong></span> <span class='ocrx_word' id='word_1_137' title='bbox 856 1575 988 1641; x_wconf 91' lang='lat' dir='ltr'><strong>naturae,</strong></span> <span class='ocrx_word' id='word_1_138' title='bbox 1009 1582 1077 1630; x_wconf 88' lang='lat' dir='ltr'><strong>cnm</strong></span> <span class='ocrx_word' id='word_1_139' title='bbox 1106 1568 1142 1631; x_wconf 88' lang='lat' dir='ltr'><strong>de</strong></span> <span class='ocrx_word' id='word_1_140' title='bbox 1170 1570 1293 1647; x_wconf 91' lang='lat' dir='ltr'><strong>capitali</strong></span> 
     </span>
     <span class='ocr_line' id='line_1_14' title="bbox 119 1662 468 1740; baseline 0 -15"><span class='ocrx_word' id='word_1_141' title='bbox 119 1676 214 1740; x_wconf 86' lang='lat' dir='ltr'><strong>poena</strong></span> <span class='ocrx_word' id='word_1_142' title='bbox 235 1677 331 1725; x_wconf 89' lang='lat' dir='ltr'><strong>sermo</strong></span> <span class='ocrx_word' id='word_1_143' title='bbox 351 1662 468 1725; x_wconf 89' lang='lat' dir='ltr'><strong>incidet.</strong></span> 
     </span>
    </p>
   </div>
   <div class='ocr_carea' id='block_1_6' title="bbox 222 1873 1191 2091">
    <p class='ocr_par' dir='ltr' id='par_1_6' title="bbox 222 1873 1191 2091">
     <span class='ocr_line' id='line_1_15' title="bbox 585 1873 825 1940; baseline -0.004 -2"><span class='ocrx_word' id='word_1_144' title='bbox 585 1876 753 1939; x_wconf 83' lang='lat' dir='ltr'><strong>Anarconos</strong></span> <span class='ocrx_word' id='word_1_145' title='bbox 775 1873 825 1940; x_wconf 89' lang='grc' dir='ltr'><strong>ΙΙΙ.</strong></span> 
     </span>
     <span class='ocr_line' id='line_1_16' title="bbox 222 2006 1191 2091; baseline 0.005 -20"><span class='ocrx_word' id='word_1_146' title='bbox 222 2006 272 2071; x_wconf 90' lang='lat' dir='ltr'><strong>De</strong></span> <span class='ocrx_word' id='word_1_147' title='bbox 287 2006 534 2089; x_wconf 75' lang='lat' dir='ltr'><strong>proprietatibus</strong></span> <span class='ocrx_word' id='word_1_148' title='bbox 555 2006 633 2089; x_wconf 77' lang='lat' dir='ltr'><strong>lepis</strong></span> <span class='ocrx_word' id='word_1_149' title='bbox 653 2008 812 2072; x_wconf 67' lang='lat' dir='ltr'><strong>odorans</strong></span> <span class='ocrx_word' id='word_1_150' title='bbox 832 2010 957 2091; x_wconf 72' lang='lat' dir='ltr'><strong>eiusque</strong></span> <span class='ocrx_word' id='word_1_151' title='bbox 977 2010 1191 2091; x_wconf 76' lang='lat' dir='ltr'><strong>fundamento.</strong></span> 
     </span>
    </p>
   </div>
   <div class='ocr_carea' id='block_1_7' title="bbox 117 2138 1292 2541">
    <p class='ocr_par' dir='ltr' id='par_1_7' title="bbox 117 2138 1292 2541">
     <span class='ocr_line' id='line_1_17' title="bbox 159 2138 1291 2253; baseline 0.003 -20"><span class='ocrx_word' id='word_1_152' title='bbox 159 2166 212 2233; x_wconf 81' lang='lat'><strong>99.</strong></span> <span class='ocrx_word' id='word_1_153' title='bbox 236 2166 464 2253; x_wconf 72' lang='lat' dir='ltr'><strong>droumenlunr.</strong></span> <span class='ocrx_word' id='word_1_154' title='bbox 483 2166 588 2232; x_wconf 88' lang='lat' dir='ltr'><strong>Variae</strong></span> <span class='ocrx_word' id='word_1_155' title='bbox 601 2169 675 2248; x_wconf 83' lang='lat' dir='ltr'><strong>legis</strong></span> <span class='ocrx_word' id='word_1_156' title='bbox 689 2138 833 2232; x_wconf 61' lang='lat' dir='ltr'><strong>nat³uralis</strong></span> <span class='ocrx_word' id='word_1_157' title='bbox 848 2173 1044 2249; x_wconf 77' lang='lat' dir='ltr'><strong>proprietates</strong></span> <span class='ocrx_word' id='word_1_158' title='bbox 1063 2174 1208 2236; x_wconf 75' lang='lat' dir='ltr'><strong>recenseri</strong></span> <span class='ocrx_word' id='word_1_159' title='bbox 1224 2188 1291 2251; x_wconf 89' lang='lat' dir='ltr'><strong>pos-</strong></span> 
     </span>
     <span class='ocr_line' id='line_1_18' title="bbox 120 2266 1292 2348; baseline 0.003 -19"><span class='ocrx_word' id='word_1_160' title='bbox 120 2273 201 2342; x_wconf 91' lang='lat' dir='ltr'><strong>sent;</strong></span> <span class='ocrx_word' id='word_1_161' title='bbox 218 2283 272 2330; x_wconf 90' lang='lat' dir='ltr'><strong>nos</strong></span> <span class='ocrx_word' id='word_1_162' title='bbox 287 2268 461 2345; x_wconf 87' lang='lat' dir='ltr'><strong>praecipuas</strong></span> <span class='ocrx_word' id='word_1_163' title='bbox 475 2274 589 2329; x_wconf 89' lang='lat' dir='ltr'><strong>tantum</strong></span> <span class='ocrx_word' id='word_1_164' title='bbox 604 2270 910 2339; x_wconf 80' lang='lat' dir='ltr'><strong>commemorabimus.</strong></span> <span class='ocrx_word' id='word_1_165' title='bbox 926 2266 1017 2333; x_wconf 90' lang='lat' dir='ltr'><strong>Porro</strong></span> <span class='ocrx_word' id='word_1_166' title='bbox 1030 2270 1146 2332; x_wconf 92' lang='lat' dir='ltr'><strong>nomine</strong></span> <span class='ocrx_word' id='word_1_167' title='bbox 1161 2271 1292 2348; x_wconf 89' lang='lat' dir='ltr'><strong>proprie·</strong></span> 
     </span>
     <span class='ocr_line' id='line_1_19' title="bbox 118 2364 1291 2445; baseline 0.001 -18"><span class='ocrx_word' id='word_1_168' title='bbox 118 2373 218 2427; x_wconf 91' lang='lat' dir='ltr'><strong>tatum</strong></span> <span class='ocrx_word' id='word_1_169' title='bbox 240 2364 314 2442; x_wconf 80' lang='lat' dir='ltr'><strong>legis</strong></span> <span class='ocrx_word' id='word_1_170' title='bbox 329 2364 522 2442; x_wconf 74' lang='lat' dir='ltr'><strong>intelligimus</strong></span> <span class='ocrx_word' id='word_1_171' title='bbox 543 2364 684 2427; x_wconf 86' lang='lat' dir='ltr'><strong>attributa</strong></span> <span class='ocrx_word' id='word_1_172' title='bbox 700 2364 750 2427; x_wconf 89' lang='lat' dir='ltr'><strong>illa</strong></span> <span class='ocrx_word' id='word_1_173' title='bbox 765 2366 942 2441; x_wconf 87' lang='lat' dir='ltr'><strong>essentialia,</strong></span> <span class='ocrx_word' id='word_1_174' title='bbox 957 2382 1031 2444; x_wconf 83' lang='lat' dir='ltr'><strong>quae</strong></span> <span class='ocrx_word' id='word_1_175' title='bbox 1045 2367 1103 2445; x_wconf 78' lang='lat' dir='ltr'><strong>legi</strong></span> <span class='ocrx_word' id='word_1_176' title='bbox 1124 2368 1168 2429; x_wconf 89' lang='lat' dir='ltr'><strong>sic</strong></span> <span class='ocrx_word' id='word_1_177' title='bbox 1187 2381 1291 2429; x_wconf 90' lang='lat' dir='ltr'><strong>conve-</strong></span> 
     </span>
     <span class='ocr_line' id='line_1_20' title="bbox 117 2461 903 2541; baseline 0 -16"><span class='ocrx_word' id='word_1_178' title='bbox 117 2464 206 2525; x_wconf 90' lang='lat' dir='ltr'><strong>niunt</strong></span> <span class='ocrx_word' id='word_1_179' title='bbox 227 2470 260 2525; x_wconf 89' lang='lat' dir='ltr'><strong>nt</strong></span> <span class='ocrx_word' id='word_1_180' title='bbox 279 2463 317 2525; x_wconf 88' lang='lat' dir='ltr'><strong>ab</strong></span> <span class='ocrx_word' id='word_1_181' title='bbox 338 2464 401 2541; x_wconf 90' lang='lat' dir='ltr'><strong>ipsa</strong></span> <span class='ocrx_word' id='word_1_182' title='bbox 424 2462 553 2540; x_wconf 88' lang='lat' dir='ltr'><strong>separari</strong></span> <span class='ocrx_word' id='word_1_183' title='bbox 573 2461 652 2525; x_wconf 92' lang='lat' dir='ltr'><strong>nullo</strong></span> <span class='ocrx_word' id='word_1_184' title='bbox 674 2463 759 2526; x_wconf 88' lang='lat' dir='ltr'><strong>modo</strong></span> <span class='ocrx_word' id='word_1_185' title='bbox 781 2463 903 2540; x_wconf 88' lang='lat' dir='ltr'><strong>possint.</strong></span> 
     </span>
    </p>
   </div>
   <div class='ocr_carea' id='block_1_8' title="bbox 548 2674 869 2741">
    <p class='ocr_par' dir='ltr' id='par_1_8' title="bbox 548 2674 869 2741">
     <span class='ocr_line' id='line_1_21' title="bbox 548 2674 869 2741; baseline -0.003 -2"><span class='ocrx_word' id='word_1_186' title='bbox 548 2674 869 2741; x_wconf 83' lang='lat' dir='ltr'><strong>PROPOSITIONES.</strong></span> 
     </span>
    </p>
   </div>
   <div class='ocr_carea' id='block_1_9' title="bbox 118 2834 1291 3699">
    <p class='ocr_par' dir='ltr' id='par_1_9' title="bbox 118 2834 1289 3001">
     <span class='ocr_line' id='line_1_22' title="bbox 161 2834 1289 2914; baseline -0.002 -12"><span class='ocrx_word' id='word_1_187' title='bbox 161 2838 230 2903; x_wconf 87' lang='lat'><strong>100.</strong></span> <span class='ocrx_word' id='word_1_188' title='bbox 252 2837 428 2903; x_wconf 84' lang='lat' dir='ltr'><strong>Puerosrrro</strong></span> <span class='ocrx_word' id='word_1_189' title='bbox 451 2835 491 2900; x_wconf 61' lang='grc' dir='ltr'><strong>ιι,</strong></span> <span class='ocrx_word' id='word_1_190' title='bbox 514 2834 581 2898; x_wconf 76' lang='lat' dir='ltr'><strong>Lex</strong></span> <span class='ocrx_word' id='word_1_191' title='bbox 604 2834 764 2899; x_wconf 75' lang='lat' dir='ltr'><strong>minentis</strong></span> <span class='ocrx_word' id='word_1_192' title='bbox 784 2837 831 2898; x_wconf 84' lang='lat' dir='ltr'><strong>est</strong></span> <span class='ocrx_word' id='word_1_193' title='bbox 849 2834 1064 2914; x_wconf 75' lang='lat' dir='ltr'><strong>immutabilis,</strong></span> <span class='ocrx_word' id='word_1_194' title='bbox 1085 2834 1289 2913; x_wconf 69' lang='lat' dir='ltr'><strong>octomodos,</strong></span> 
     </span>
     <span class='ocr_line' id='line_1_23' title="bbox 118 2940 341 3001; baseline 0 0"><span class='ocrx_word' id='word_1_195' title='bbox 118 2942 259 3001; x_wconf 84' lang='lat' dir='ltr'><strong>oeteroo.</strong></span> <span class='ocrx_word' id='word_1_196' title='bbox 340 2940 341 2943; x_wconf 75' lang='grc'>’</span> 
     </span>
    </p>

    <p class='ocr_par' dir='ltr' id='par_1_10' title="bbox 119 3032 1291 3699">
     <span class='ocr_line' id='line_1_24' title="bbox 160 3032 1291 3123; baseline -0.004 -24"><span class='ocrx_word' id='word_1_197' title='bbox 160 3034 249 3099; x_wconf 87' lang='lat' dir='ltr'><strong>Proh.</strong></span> <span class='ocrx_word' id='word_1_198' title='bbox 271 3033 332 3099; x_wconf 84' lang='lat' dir='ltr'><strong>Lex</strong></span> <span class='ocrx_word' id='word_1_199' title='bbox 354 3032 497 3097; x_wconf 87' lang='lat' dir='ltr'><strong>naturalis</strong></span> <span class='ocrx_word' id='word_1_200' title='bbox 516 3032 823 3123; x_wconf 59' lang='lat' dir='ltr'><strong>nQnectitnr</strong></span> <span class='ocrx_word' id='word_1_201' title='bbox 836 3048 904 3095; x_wconf 89' lang='lat' dir='ltr'><strong>eum</strong></span> <span class='ocrx_word' id='word_1_202' title='bbox 918 3032 983 3111; x_wconf 90' lang='lat' dir='ltr'><strong>ipsa</strong></span> <span class='ocrx_word' id='word_1_203' title='bbox 997 3032 1122 3095; x_wconf 89' lang='lat' dir='ltr'><strong>essentia</strong></span> <span class='ocrx_word' id='word_1_204' title='bbox 1137 3039 1291 3096; x_wconf 90' lang='lat' dir='ltr'><strong>creaturae</strong></span> 
     </span>
     <span class='ocr_line' id='line_1_25' title="bbox 119 3128 1291 3213; baseline -0.004 -15"><span class='ocrx_word' id='word_1_205' title='bbox 119 3134 284 3213; x_wconf 89' lang='lat' dir='ltr'><strong>rationalis,</strong></span> <span class='ocrx_word' id='word_1_206' title='bbox 306 3140 336 3196; x_wconf 90' lang='lat' dir='ltr'><strong>et</strong></span> <span class='ocrx_word' id='word_1_207' title='bbox 355 3133 495 3195; x_wconf 82' lang='lat' dir='ltr'><strong>fundatur</strong></span> <span class='ocrx_word' id='word_1_208' title='bbox 514 3131 544 3192; x_wconf 90' lang='lat' dir='ltr'><strong>in</strong></span> <span class='ocrx_word' id='word_1_209' title='bbox 565 3140 670 3193; x_wconf 89' lang='lat' dir='ltr'><strong>natura</strong></span> <span class='ocrx_word' id='word_1_210' title='bbox 690 3130 798 3193; x_wconf 86' lang='lat' dir='ltr'><strong>divina.</strong></span> <span class='ocrx_word' id='word_1_211' title='bbox 814 3128 989 3193; x_wconf 89' lang='lat' dir='ltr'><strong>Necessario</strong></span> <span class='ocrx_word' id='word_1_212' title='bbox 1008 3131 1135 3193; x_wconf 87' lang='lat' dir='ltr'><strong>nectitur</strong></span> <span class='ocrx_word' id='word_1_213' title='bbox 1156 3146 1223 3194; x_wconf 86' lang='lat' dir='ltr'><strong>curn</strong></span> <span class='ocrx_word' id='word_1_214' title='bbox 1245 3146 1291 3193; x_wconf 91' lang='lat' dir='ltr'><strong>es-</strong></span> 
     </span>
     <span class='ocr_line' id='line_1_26' title="bbox 119 3227 1291 3307; baseline -0.005 -13"><span class='ocrx_word' id='word_1_215' title='bbox 119 3233 215 3296; x_wconf 86' lang='lat' dir='ltr'><strong>sentia</strong></span> <span class='ocrx_word' id='word_1_216' title='bbox 237 3238 387 3295; x_wconf 88' lang='lat' dir='ltr'><strong>creaturae</strong></span> <span class='ocrx_word' id='word_1_217' title='bbox 409 3227 573 3305; x_wconf 88' lang='lat' dir='ltr'><strong>rationalis;</strong></span> <span class='ocrx_word' id='word_1_218' title='bbox 598 3230 668 3307; x_wconf 86' lang='lat' dir='ltr'><strong>quia</strong></span> <span class='ocrx_word' id='word_1_219' title='bbox 690 3236 751 3291; x_wconf 90' lang='lat' dir='ltr'><strong>tota</strong></span> <span class='ocrx_word' id='word_1_220' title='bbox 771 3234 882 3307; x_wconf 87' lang='lat' dir='ltr'><strong>quanta</strong></span> <span class='ocrx_word' id='word_1_221' title='bbox 904 3234 950 3289; x_wconf 90' lang='lat' dir='ltr'><strong>est</strong></span> <span class='ocrx_word' id='word_1_222' title='bbox 971 3236 1108 3291; x_wconf 90' lang='lat' dir='ltr'><strong>versatur</strong></span> <span class='ocrx_word' id='word_1_223' title='bbox 1128 3229 1157 3290; x_wconf 94' lang='lat' dir='ltr'><strong>in</strong></span> <span class='ocrx_word' id='word_1_224' title='bbox 1179 3228 1291 3305; x_wconf 88' lang='lat' dir='ltr'><strong>praeci·</strong></span> 
     </span>
     <span class='ocr_line' id='line_1_27' title="bbox 121 3325 1290 3409; baseline -0.005 -16"><span class='ocrx_word' id='word_1_225' title='bbox 121 3331 237 3409; x_wconf 91' lang='lat' dir='ltr'><strong>piendis</strong></span> <span class='ocrx_word' id='word_1_226' title='bbox 259 3335 310 3391; x_wconf 91' lang='lat' dir='ltr'><strong>aut</strong></span> <span class='ocrx_word' id='word_1_227' title='bbox 333 3328 468 3391; x_wconf 84' lang='lat' dir='ltr'><strong>vetandis</strong></span> <span class='ocrx_word' id='word_1_228' title='bbox 487 3327 533 3401; x_wconf 93' lang='lat' dir='ltr'><strong>iis,</strong></span> <span class='ocrx_word' id='word_1_229' title='bbox 547 3342 623 3405; x_wconf 86' lang='lat' dir='ltr'><strong>qnae</strong></span> <span class='ocrx_word' id='word_1_230' title='bbox 637 3343 673 3389; x_wconf 87' lang='lat' dir='ltr'><strong>ex</strong></span> <span class='ocrx_word' id='word_1_231' title='bbox 688 3325 904 3405; x_wconf 90' lang='lat' dir='ltr'><strong>comparatione</strong></span> <span class='ocrx_word' id='word_1_232' title='bbox 918 3326 1045 3388; x_wconf 89' lang='lat' dir='ltr'><strong>hominis</strong></span> <span class='ocrx_word' id='word_1_233' title='bbox 1059 3341 1125 3388; x_wconf 92' lang='lat' dir='ltr'><strong>cum</strong></span> <span class='ocrx_word' id='word_1_234' title='bbox 1146 3326 1290 3389; x_wconf 85' lang='lat' dir='ltr'><strong>oblectlvo</strong></span> 
     </span>
     <span class='ocr_line' id='line_1_28' title="bbox 121 3410 1289 3497; baseline -0.006 -7"><span class='ocrx_word' id='word_1_235' title='bbox 121 3426 225 3491; x_wconf 89' lang='lat' dir='ltr'><strong>ordine</strong></span> <span class='ocrx_word' id='word_1_236' title='bbox 247 3438 344 3489; x_wconf 87' lang='lat' dir='ltr'><strong>rerum</strong></span> <span class='ocrx_word' id='word_1_237' title='bbox 360 3434 393 3491; x_wconf 90' lang='lat' dir='ltr'><strong>ut</strong></span> <span class='ocrx_word' id='word_1_238' title='bbox 408 3426 583 3488; x_wconf 89' lang='lat' dir='ltr'><strong>intrinsecus</strong></span> <span class='ocrx_word' id='word_1_239' title='bbox 597 3424 673 3487; x_wconf 89' lang='lat' dir='ltr'><strong>bona</strong></span> <span class='ocrx_word' id='word_1_240' title='bbox 688 3430 739 3485; x_wconf 90' lang='lat' dir='ltr'><strong>ant</strong></span> <span class='ocrx_word' id='word_1_241' title='bbox 759 3410 837 3485; x_wconf 88' lang='lat' dir='ltr'><strong>mala</strong></span> <span class='ocrx_word' id='word_1_242' title='bbox 851 3423 1085 3497; x_wconf 85' lang='lat' dir='ltr'><strong>manifestantur,</strong></span> <span class='ocrx_word' id='word_1_243' title='bbox 1106 3429 1136 3485; x_wconf 89' lang='lat' dir='ltr'><strong>et</strong></span> <span class='ocrx_word' id='word_1_244' title='bbox 1150 3423 1188 3486; x_wconf 89' lang='lat' dir='ltr'><strong>ad</strong></span> <span class='ocrx_word' id='word_1_245' title='bbox 1203 3424 1289 3483; x_wconf 89' lang='lat' dir='ltr'><strong>linem</strong></span> 
     </span>
     <span class='ocr_line' id='line_1_29' title="bbox 126 3518 1291 3602; baseline -0.004 -17"><span class='ocrx_word' id='word_1_246' title='bbox 126 3524 266 3587; x_wconf 90' lang='lat' dir='ltr'><strong>ultimum</strong></span> <span class='ocrx_word' id='word_1_247' title='bbox 280 3522 515 3602; x_wconf 88' lang='lat' dir='ltr'><strong>consequendum</strong></span> <span class='ocrx_word' id='word_1_248' title='bbox 530 3522 693 3585; x_wconf 81' lang='lat' dir='ltr'><strong>necessaria</strong></span> <span class='ocrx_word' id='word_1_249' title='bbox 707 3521 825 3585; x_wconf 87' lang='lat' dir='ltr'><strong>omnino</strong></span> <span class='ocrx_word' id='word_1_250' title='bbox 838 3527 908 3583; x_wconf 88' lang='lat' dir='ltr'><strong>sont</strong></span> <span class='ocrx_word' id='word_1_251' title='bbox 923 3528 975 3583; x_wconf 90' lang='lat' dir='ltr'><strong>aut</strong></span> <span class='ocrx_word' id='word_1_252' title='bbox 995 3521 1152 3583; x_wconf 91' lang='lat' dir='ltr'><strong>contraria.</strong></span> <span class='ocrx_word' id='word_1_253' title='bbox 1174 3518 1291 3583; x_wconf 81' lang='lat' dir='ltr'><strong>Funda-</strong></span> 
     </span>
     <span class='ocr_line' id='line_1_30' title="bbox 122 3616 1289 3699; baseline -0.004 -16"><span class='ocrx_word' id='word_1_254' title='bbox 122 3628 175 3683; x_wconf 92' lang='lat' dir='ltr'><strong>tur</strong></span> <span class='ocrx_word' id='word_1_255' title='bbox 189 3621 218 3682; x_wconf 94' lang='lat' dir='ltr'><strong>in</strong></span> <span class='ocrx_word' id='word_1_256' title='bbox 231 3624 356 3685; x_wconf 86' lang='lat' dir='ltr'><strong>essentia</strong></span> <span class='ocrx_word' id='word_1_257' title='bbox 372 3621 486 3693; x_wconf 82' lang='lat' dir='ltr'><strong>diviua3</strong></span> <span class='ocrx_word' id='word_1_258' title='bbox 507 3620 588 3698; x_wconf 84' lang='lat' dir='ltr'><strong>quia,</strong></span> <span class='ocrx_word' id='word_1_259' title='bbox 603 3626 636 3681; x_wconf 92' lang='lat' dir='ltr'><strong>ot</strong></span> <span class='ocrx_word' id='word_1_260' title='bbox 651 3634 738 3697; x_wconf 88' lang='lat' dir='ltr'><strong>saepe</strong></span> <span class='ocrx_word' id='word_1_261' title='bbox 753 3617 937 3699; x_wconf 68' lang='lat' dir='ltr'><strong>diutinorum</strong></span> <span class='ocrx_word' id='word_1_262' title='bbox 959 3626 1081 3681; x_wconf 89' lang='lat' dir='ltr'><strong>naturae</strong></span> <span class='ocrx_word' id='word_1_263' title='bbox 1095 3626 1126 3681; x_wconf 91' lang='lat' dir='ltr'><strong>et</strong></span> <span class='ocrx_word' id='word_1_264' title='bbox 1134 3616 1289 3680; x_wconf 86' lang='lat' dir='ltr'><strong>relationes</strong></span> 
     </span>
    </p>
   </div>
   <div class='ocr_carea' id='block_1_10' title="bbox 13 3715 1289 3797">
    <p class='ocr_par' dir='ltr' id='par_1_11' title="bbox 13 3715 1289 3797">
     <span class='ocr_line' id='line_1_31' title="bbox 13 3715 1289 3797; baseline -0.006 -14"><span class='ocrx_word' id='word_1_265' title='bbox 13 3756 14 3759; x_wconf 61' lang='lat'><em>=</em></span> <span class='ocrx_word' id='word_1_266' title='bbox 120 3736 161 3783; x_wconf 83' lang='lat' dir='ltr'><strong>ex</strong></span> <span class='ocrx_word' id='word_1_267' title='bbox 182 3718 218 3781; x_wconf 89' lang='lat' dir='ltr'><strong>iis</strong></span> <span class='ocrx_word' id='word_1_268' title='bbox 238 3728 419 3797; x_wconf 78' lang='lat' dir='ltr'><strong>emergentes</strong></span> <span class='ocrx_word' id='word_1_269' title='bbox 449 3734 466 3779; x_wconf 89' lang='lat' dir='ltr'><strong>a</strong></span> <span class='ocrx_word' id='word_1_270' title='bbox 495 3718 594 3781; x_wconf 90' lang='lat' dir='ltr'><strong>divina</strong></span> <span class='ocrx_word' id='word_1_271' title='bbox 621 3717 764 3795; x_wconf 88' lang='lat' dir='ltr'><strong>sapientia</strong></span> <span class='ocrx_word' id='word_1_272' title='bbox 792 3716 950 3790; x_wconf 86' lang='lat' dir='ltr'><strong>dictantur,</strong></span> <span class='ocrx_word' id='word_1_273' title='bbox 979 3716 1111 3778; x_wconf 88' lang='lat' dir='ltr'><strong>divinam</strong></span> <span class='ocrx_word' id='word_1_274' title='bbox 1132 3715 1289 3777; x_wconf 88' lang='lat' dir='ltr'><strong>essentiam</strong></span> 
     </span>
    </p>
   </div>
   <div class='ocr_carea' id='block_1_11' title="bbox 115 3810 1295 4192">
    <p class='ocr_par' dir='ltr' id='par_1_12' title="bbox 115 3810 1295 4192">
     <span class='ocr_line' id='line_1_32' title="bbox 115 3810 1290 3895; baseline -0.005 -14"><span class='ocrx_word' id='word_1_275' title='bbox 115 3816 345 3894; x_wconf 89' lang='lat' dir='ltr'><strong>contemplante.</strong></span> <span class='ocrx_word' id='word_1_276' title='bbox 365 3814 447 3879; x_wconf 89' lang='lat' dir='ltr'><strong>Haec</strong></span> <span class='ocrx_word' id='word_1_277' title='bbox 467 3816 553 3895; x_wconf 82' lang='lat' dir='ltr'><strong>euim,</strong></span> <span class='ocrx_word' id='word_1_278' title='bbox 575 3814 824 3894; x_wconf 87' lang='lat' dir='ltr'><strong>quemadmodum</strong></span> <span class='ocrx_word' id='word_1_279' title='bbox 849 3813 878 3875; x_wconf 93' lang='lat' dir='ltr'><strong>in</strong></span> <span class='ocrx_word' id='word_1_280' title='bbox 903 3810 1110 3890; x_wconf 80' lang='lat' dir='ltr'><strong>Metaphysica</strong></span> <span class='ocrx_word' id='word_1_281' title='bbox 1131 3810 1290 3888; x_wconf 84' lang='lat' dir='ltr'><strong>explicavi·</strong></span> 
     </span>
     <span class='ocr_line' id='line_1_33' title="bbox 117 3910 1289 3994; baseline -0.003 -15"><span class='ocrx_word' id='word_1_282' title='bbox 117 3934 195 3992; x_wconf 90' lang='lat' dir='ltr'><strong>mus,</strong></span> <span class='ocrx_word' id='word_1_283' title='bbox 210 3916 362 3994; x_wconf 85' lang='lat' dir='ltr'><strong>exemplar</strong></span> <span class='ocrx_word' id='word_1_284' title='bbox 383 3932 551 3993; x_wconf 89' lang='lat' dir='ltr'><strong>supremum</strong></span> <span class='ocrx_word' id='word_1_285' title='bbox 572 3923 619 3978; x_wconf 92' lang='lat' dir='ltr'><strong>est</strong></span> <span class='ocrx_word' id='word_1_286' title='bbox 639 3929 737 3976; x_wconf 89' lang='lat' dir='ltr'><strong>rerum</strong></span> <span class='ocrx_word' id='word_1_287' title='bbox 755 3915 885 3977; x_wconf 90' lang='lat' dir='ltr'><strong>omnium</strong></span> <span class='ocrx_word' id='word_1_288' title='bbox 907 3913 1100 3991; x_wconf 85' lang='lat' dir='ltr'><strong>possibilium.</strong></span> <span class='ocrx_word' id='word_1_289' title='bbox 1124 3910 1222 3985; x_wconf 86' lang='lat' dir='ltr'><strong>Quare</strong></span> <span class='ocrx_word' id='word_1_290' title='bbox 1242 3912 1289 3977; x_wconf 88' lang='lat' dir='ltr'><strong>lex</strong></span> 
     </span>
     <span class='ocr_line' id='line_1_34' title="bbox 117 4010 1295 4090; baseline -0.004 -13"><span class='ocrx_word' id='word_1_291' title='bbox 117 4014 265 4078; x_wconf 88' lang='lat' dir='ltr'><strong>naturalis</strong></span> <span class='ocrx_word' id='word_1_292' title='bbox 279 4014 321 4077; x_wconf 91' lang='lat' dir='ltr'><strong>ita</strong></span> <span class='ocrx_word' id='word_1_293' title='bbox 336 4021 472 4077; x_wconf 89' lang='lat' dir='ltr'><strong>naturam</strong></span> <span class='ocrx_word' id='word_1_294' title='bbox 486 4014 645 4075; x_wconf 87' lang='lat' dir='ltr'><strong>humanam</strong></span> <span class='ocrx_word' id='word_1_295' title='bbox 658 4012 860 4090; x_wconf 69' lang='lat' dir='ltr'><strong>consepultum</strong></span> <span class='ocrx_word' id='word_1_296' title='bbox 876 4017 908 4073; x_wconf 92' lang='lat' dir='ltr'><strong>ut</strong></span> <span class='ocrx_word' id='word_1_297' title='bbox 923 4011 961 4073; x_wconf 90' lang='lat' dir='ltr'><strong>ab</strong></span> <span class='ocrx_word' id='word_1_298' title='bbox 974 4025 1007 4072; x_wconf 90' lang='lat' dir='ltr'><strong>ea</strong></span> <span class='ocrx_word' id='word_1_299' title='bbox 1023 4010 1175 4074; x_wconf 88' lang='lat' dir='ltr'><strong>avellinen</strong></span> <span class='ocrx_word' id='word_1_300' title='bbox 1188 4011 1295 4089; x_wconf 88' lang='lat' dir='ltr'><strong>possit,</strong></span> 
     </span>
     <span class='ocr_line' id='line_1_35' title="bbox 118 4108 1098 4192; baseline -0.003 -16"><span class='ocrx_word' id='word_1_301' title='bbox 118 4128 216 4192; x_wconf 88' lang='lat' dir='ltr'><strong>eaque</strong></span> <span class='ocrx_word' id='word_1_302' title='bbox 237 4120 370 4177; x_wconf 87' lang='lat' dir='ltr'><strong>exstante</strong></span> <span class='ocrx_word' id='word_1_303' title='bbox 390 4118 514 4191; x_wconf 87' lang='lat' dir='ltr'><strong>nequeat</strong></span> <span class='ocrx_word' id='word_1_304' title='bbox 535 4127 590 4174; x_wconf 92' lang='lat' dir='ltr'><strong>non</strong></span> <span class='ocrx_word' id='word_1_305' title='bbox 612 4116 729 4173; x_wconf 86' lang='lat' dir='ltr'><strong>exstare</strong></span> <span class='ocrx_word' id='word_1_306' title='bbox 748 4117 802 4171; x_wconf 89' lang='lat' dir='ltr'><strong>ant</strong></span> <span class='ocrx_word' id='word_1_307' title='bbox 821 4108 908 4172; x_wconf 90' lang='lat' dir='ltr'><strong>aliter</strong></span> <span class='ocrx_word' id='word_1_308' title='bbox 928 4125 960 4171; x_wconf 89' lang='lat' dir='ltr'><strong>se</strong></span> <span class='ocrx_word' id='word_1_309' title='bbox 980 4110 1098 4173; x_wconf 88' lang='lat' dir='ltr'><strong>habere.</strong></span> 
     </span>
    </p>
   </div>
   <div class='ocr_carea' id='block_1_12' title="bbox 170 4302 1196 4391">
    <p class='ocr_par' dir='ltr' id='par_1_13' title="bbox 170 4302 1196 4391">
     <span class='ocr_line' id='line_1_36' title="bbox 170 4302 1196 4391; baseline -0.004 -17"><span class='ocrx_word' id='word_1_310' title='bbox 170 4326 203 4389; x_wconf 86' lang='grc'><strong>(1)</strong></span> <span class='ocrx_word' id='word_1_311' title='bbox 220 4327 320 4391; x_wconf 76' lang='lat' dir='ltr'><strong>Sappin</strong></span> <span class='ocrx_word' id='word_1_312' title='bbox 333 4325 454 4375; x_wconf 83' lang='lat' dir='ltr'><strong>teorett&#39;co</strong></span> <span class='ocrx_word' id='word_1_313' title='bbox 471 4324 500 4373; x_wconf 83' lang='lat' dir='ltr'><strong>di</strong></span> <span class='ocrx_word' id='word_1_314' title='bbox 515 4302 622 4371; x_wconf 75' lang='lat' dir='ltr'><strong>Dt‘et&#39;tto¹</strong></span> <span class='ocrx_word' id='word_1_315' title='bbox 635 4322 763 4371; x_wconf 79' lang='lat' dir='ltr'><strong>maturate</strong></span> <span class='ocrx_word' id='word_1_316' title='bbox 779 4336 828 4371; x_wconf 87' lang='lat' dir='ltr'><strong>ece.</strong></span> <span class='ocrx_word' id='word_1_317' title='bbox 844 4316 891 4371; x_wconf 83' lang='lat' dir='ltr'><strong>rol.</strong></span> <span class='ocrx_word' id='word_1_318' title='bbox 909 4321 932 4380; x_wconf 90' lang='lat' dir='ltr'><strong>l,</strong></span> <span class='ocrx_word' id='word_1_319' title='bbox 948 4322 1050 4373; x_wconf 82' lang='lat' dir='ltr'><strong>dissert.</strong></span> <span class='ocrx_word' id='word_1_320' title='bbox 1067 4322 1085 4382; x_wconf 90' lang='lat' dir='ltr'><strong>l,</strong></span> <span class='ocrx_word' id='word_1_321' title='bbox 1102 4338 1126 4371; x_wconf 92' lang='lat' dir='ltr'><strong>n.</strong></span> <span class='ocrx_word' id='word_1_322' title='bbox 1143 4322 1196 4371; x_wconf 86' lang='grc'><strong>134.</strong></span> 
     </span>
    </p>
   </div>
   <div class='ocr_carea' id='block_1_13' title="bbox 0 0 1584 4934">
    <p class='ocr_par' dir='ltr' id='par_1_14' title="bbox 0 0 1584 4934">
     <span class='ocr_line' id='line_1_37' title="bbox 0 0 1584 4934; baseline 0 0"><span class='ocrx_word' id='word_1_323' title='bbox 0 0 1584 4934; x_wconf 95' lang='lat' dir='ltr'><strong> </strong></span> 
     </span>
    </p>
   </div>
  </div>
 </body>
</html>
