3159 4934
310 348 362 406 tao
593 364 634 407 rus
653 364 779 407 urrunnu
798 365 893 408 -nans
911 364 928 405 1.
947 365 990 409 rus
1007 365 1180 411 rxnrvrnunne

305 478 456 559 proprium
478 479 696 555 possidendum,
717 480 768 542 sed
792 481 862 561 quia
884 482 1045 555 secundum
1073 483 1120 545 ius
1140 490 1263 545 naturae
1283 498 1340 547 non
1360 490 1408 546 est
1427 483 1480 546 di·
1571 515 1572 560 ,

303 578 423 645 stioctio
444 578 661 656 possessionum
680 576 764 658 (1).»

346 674 437 740 Obir'e.
453 673 502 740 ΙΙΙ.
518 693 552 741 cx
568 674 725 740 Bentham:
744 674 838 740 Extra
860 687 971 741 statum
994 679 1111 742 civilem
1132 680 1298 756 proprietas
1318 680 1474 743 sanctione

302 773 385 839 nulla
406 774 536 839 fulcitur.
558 772 700 858 Homines
723 774 800 838 enim
822 775 987 853 singulares
1008 776 1038 839 in
1059 793 1094 840 eo
1115 783 1195 838 statu
1220 777 1424 840 destituuntur
1444 778 1477 840 vi

303 874 518 951 coactimque
534 873 606 937 alios
621 874 659 935 ad
673 873 825 952 proprium
846 875 893 935 ins
914 876 1106 938 reverendum
1121 876 1250 953 adigant.
1265 874 1307 939 At
1322 892 1394 939 vero
1412 878 1481 939 sine

305 972 454 1035 sanctione
474 974 521 1035 ius
543 970 654 1034 nullum
676 972 790 1050 concipi
813 981 916 1050 potest.
938 971 1019 1052 Ergo
1040 974 1087 1035 ius
1109 974 1297 1052 proprietatis
1318 974 1436 1036 nonnisi
1458 990 1476 1034 a

305 1068 384 1134 civili
406 1070 591 1133 institutione
612 1069 751 1133 dimanat.

343 1167 380 1232 R.
391 1165 488 1231 Huius
502 1168 631 1230 auctoris
645 1168 777 1246 deceptio
791 1169 858 1231 inde
872 1171 1026 1246 processit,
1037 1170 1116 1249 quod
1127 1169 1272 1232 actualem
1288 1172 1476 1253 coactionem

303 1274 332 1331 et
347 1269 407 1329 vim
421 1267 573 1346 physicam
589 1266 626 1329 ad
641 1266 734 1344 ipsam
754 1268 911 1330 essentiam
933 1268 1007 1331 iuris
1022 1269 1166 1347 pertinere
1180 1268 1372 1331 existimavit,
1387 1267 1477 1341 Quod

306 1367 333 1428 si
352 1368 393 1429 ita
414 1371 503 1438 esset,
516 1365 626 1427 infirmi
646 1373 676 1427 et
696 1365 809 1428 debiles
823 1375 853 1428 et
868 1366 950 1444 pueri
964 1368 1042 1429 omni
1061 1368 1124 1429 iure
1144 1368 1390 1441 destituerentur3
1405 1383 1476 1429 cum

305 1473 415 1547 contra,
430 1480 488 1543 qno
509 1464 605 1542 magis
619 1466 686 1542 quis
706 1464 834 1526 imbellis
854 1472 901 1527 est
921 1472 951 1526 et
970 1466 1032 1527 sine
1053 1465 1177 1537 viribus,
1191 1480 1225 1528 eo
1243 1466 1393 1528 sanctiora
1414 1466 1476 1529 sint

305 1564 379 1637 iura,
389 1579 464 1641 quae
480 1562 618 1641 possidet,
633 1577 668 1624 ac
683 1561 786 1624 maiori
802 1562 985 1625 veneratione
999 1562 1129 1626 colenda.
1145 1560 1247 1641 ltaque
1261 1569 1322 1625 tota
1337 1563 1414 1625 iuris
1431 1566 1478 1625 vis

305 1672 334 1727 et
348 1662 461 1725 sanctio
484 1668 530 1724 est
551 1659 680 1732 moralis,
694 1660 724 1721 in
739 1660 883 1738 exigentia
904 1660 1042 1721 nimirum
1062 1676 1098 1723 ex
1120 1661 1185 1739 lege
1199 1670 1263 1723 orta
1279 1668 1311 1723 ut
1326 1677 1343 1722 a
1358 1661 1476 1723 nemine

306 1760 473 1823 uiolandum
495 1759 543 1820 sit.
564 1756 650 1831 Quod
671 1764 770 1819 autem
791 1758 840 1819 ius
860 1758 1038 1820 coactionem
1061 1760 1148 1820 etiam
1171 1765 1321 1822 externam
1343 1767 1375 1821 et
1398 1758 1478 1838 phy-

306 1859 398 1920 sicam
419 1856 473 1919 sibi
496 1856 649 1930 adsciscit3
665 1855 696 1918 id
717 1856 754 1917 ad
777 1856 970 1934 proprietates
984 1856 1047 1918 eius
1069 1858 1204 1936 pertinet,
1218 1873 1253 1918 ac
1277 1856 1398 1934 proinde
1418 1858 1479 1919 irn-

307 1956 398 2034 pediri
414 1954 587 2033 quandoque
609 1959 714 2031 potest,
735 1954 805 2033 quin
826 1954 901 2015 iuris
921 1956 1046 2017 essentia
1070 1955 1241 2033 perimatur.
1254 1953 1305 2018 lus
1319 1970 1384 2017 esse
1403 1973 1475 2017 eoo-
1571 1981 1572 2022 r

306 2054 421 2117 otidum
441 2068 497 2115 uon
519 2052 598 2114 aliud
620 2052 778 2130 significat,
794 2052 848 2114 nisi
868 2052 1038 2130 ipsumtale
1058 2069 1131 2132 esse,
1147 2060 1181 2115 nt
1195 2054 1287 2130 possit
1302 2054 1332 2115 vi
1349 2052 1476 2125 delendi,

305 2150 464 2215 dummodo
485 2150 535 2229 qni
549 2150 596 2213 ius
615 2149 752 2227 possidet,
773 2150 870 2213 valeat
883 2158 912 2213 et
925 2151 1004 2213 velit.
1027 2149 1123 2222 Quare
1144 2158 1352 2228 argumentum
1367 2151 1474 2213 adrer-

305 2250 374 2313 sarii
396 2249 470 2311 nihil
492 2250 604 2326 probat,
617 2247 734 2311 etiamsi
749 2264 851 2310 verum
873 2256 951 2312 esset
973 2248 1083 2312 bomini
1104 2256 1186 2311 extra
1202 2250 1374 2312 societatem
1396 2251 1475 2312 vires

306 2348 401 2411 nullas
424 2354 578 2427 suppetere
598 2346 635 2408 ad
657 2346 703 2407 ius
724 2346 915 2424 proprietatis
931 2346 1083 2421 tuendnm;
1100 2346 1179 2425 quod
1192 2347 1311 2425 quidem
1327 2363 1385 2411 non
1406 2363 1479 2411 con·

306 2446 428 2526 ceditur,
450 2446 500 2507 sed
523 2444 743 2523 transmittitur,
765 2459 833 2507 cum
855 2444 1015 2522 generatim
1038 2459 1093 2506 non
1115 2445 1156 2506 sit
1170 2460 1288 2521 uerum.

351 2543 442 2607 Obiio.
464 2541 517 2607 IV.
539 2541 649 2606 Saltem
674 2550 758 2605 extra
787 2542 957 2605 societatem
986 2541 1074 2605 laesio
1102 2541 1211 2605 iunium
1238 2544 1476 2622 frequentissima
1570 2593 1571 2636 ,

305 2644 387 2707 loret.
409 2643 451 2705 At
471 2648 591 2703 eatenus
612 2640 741 2703 officium
763 2640 937 2702 observandi
964 2640 1030 2702 iura
1050 2639 1174 2703 aliorum
1203 2640 1332 2719 aliquem
1352 2641 1477 2721 obligat,

305 2748 449 2819 quatenus
463 2738 566 2801 eadem
580 2738 764 2802 observantia
779 2738 878 2816 quoad
897 2749 950 2799 sua
965 2738 1030 2800 iura
1044 2739 1082 2801 ab
1100 2738 1166 2799 aliis
1188 2739 1379 2802 custodiatur.
1394 2738 1479 2818 Ergo

305 2846 388 2903 extra
404 2838 573 2901 societate-m
588 2837 644 2899 huc
666 2837 795 2898 officium
816 2834 928 2897 nullum
943 2843 1031 2909 esset,
1047 2843 1164 2913 propter
1186 2836 1331 2899 delectum
1354 2845 1478 2900 mutuae

306 2934 521 3009 observantiae,
536 2943 625 3013 atque
645 2933 711 2996 ideo
733 2933 907 3012 proprietas,
922 2949 997 3011 quae
1017 2935 1147 2997 officium
1162 2934 1308 2997 eiusmodi
1323 2935 1480 3008 subaudit,

306 3040 389 3097 extra
412 3032 582 3096 societatem
605 3030 681 3095 nulla
703 3032 786 3094 loret.

347 3128 384 3194 R.
400 3128 432 3193 ln
453 3130 557 3207 primis
577 3129 686 3191 falsum
700 3136 747 3192 est
760 3137 843 3192 extra
860 3129 1029 3192 societatem
1043 3131 1310 3210 frequentissimam
1330 3147 1395 3194 esse
1414 3131 1479 3195 lae·

307 3228 418 3292 sionem
439 3227 557 3289 iulium.
573 3224 665 3306 Viget
678 3228 755 3290 enim
769 3228 799 3288 in
814 3227 983 3290 homiuibus
1002 3236 1121 3305 propter
1141 3227 1310 3291 rationalem
1326 3239 1480 3301 naturam,

306 3342 365 3404 qua
385 3325 523 3387 instructi
545 3333 623 3398 sunt,
638 3323 715 3387 altus
735 3325 857 3403 quidam
878 3326 1008 3412 iustitiae
1023 3340 1138 3399 sensus,
1152 3341 1211 3403 qno
1225 3343 1241 3387 a
1255 3327 1385 3389 nocendo
1405 3328 1479 3389 aliis

306 3424 499 3487 deterrentur.
522 3421 642 3496 Deinde,
662 3422 780 3485 etiamsi
802 3425 875 3486 haec
896 3421 1069 3502 hypothesis
1089 3423 1206 3485 admitti
1228 3422 1298 3487 velit
1317 3424 1396 3503 qnod
1421 3425 1483 3489 ho·

306 3522 400 3585 mines
421 3520 604 3599 plerumque,
618 3521 771 3583 honestate
785 3522 903 3599 reiecta,
917 3520 947 3583 in
961 3536 1023 3583 rem
1044 3520 1167 3583 alienam
1182 3521 1357 3599 irrumpant,
1373 3522 1432 3585 nisi
1449 3523 1479 3585 vi

306 3621 430 3701 physica
446 3619 659 3697 impediantnr;
673 3618 865 3682 nihilominus
879 3619 984 3682 exinde
998 3634 1053 3681 non
1068 3618 1148 3681 aliud
1163 3629 1400 3699 consequeretur,
1417 3621 1481 3684 nisi

305 3726 388 3782 extra
400 3718 569 3781 societatem
582 3731 636 3780 nun
649 3717 723 3779 satis
735 3715 964 3779 tutelaeiurium
975 3716 1179 3794 providentie
1190 3717 1311 3795 proinde
1326 3717 1482 3781 hominem
1568 3711 1569 3772 l

305 3816 344 3879 ad
356 3817 525 3880 societatem
537 3814 692 3877 ineundam
703 3813 873 3892 impetibht
885 3813 1003 3876 minime
1013 3814 1240 3893 seqnitur,qnod
1252 3814 1358 3878 vellent
1369 3816 1480 3879 adver-

306 3913 386 3985 sarii,
400 3913 505 3976 solutio
518 3915 558 3975 ab
576 3912 655 3976 omni
669 3912 765 3974 officio
779 3911 877 3989 quoad
898 3910 1115 3973 observantiam
1136 3911 1246 3973 iunium
1267 3914 1447 3977 alienorum.

351 4004 442 4072 otto.
458 4008 496 4073 V.
511 4025 546 4072 ex
562 4010 695 4073 Absens:
716 4006 748 4072 Si
768 4008 961 4086 occupatione
982 4007 1028 4069 ius
1049 4008 1239 4085 proprietatis
1261 4011 1484 4088 acquireretur,

307 4107 396 4170 homo
417 4108 583 4171 individuus
599 4110 749 4189 proprium
765 4108 881 4169 efficere
895 4114 996 4185 posset
1009 4106 1185 4169 immensum
1202 4108 1317 4171 telluris
1335 4110 1484 4188 spatium,

305 4220 363 4267 seu
384 4201 538 4283 integram
559 4209 675 4268 terrum
696 4204 910 4270 continentem.
932 4203 965 4267 Id
987 4220 1055 4268 vero
1075 4205 1237 4269 absurdum
1258 4214 1313 4270 est.

357 4335 392 4397 (l)
410 4334 523 4384 Summa
539 4336 574 4384 th.
591 4334 625 4386 2.¹
641 4336 689 4385 2²⁶
706 4350 730 4401 q.
747 4335 836 4394 val,
853 4350 876 4388 a.
891 4335 915 4385 2.
