<?xml version="1.0" encoding="UTF-8"?>
<!DOCTYPE html PUBLIC "-//W3C//DTD XHTML 1.0 Transitional//EN"
    "http://www.w3.org/TR/xhtml1/DTD/xhtml1-transitional.dtd">
<html xmlns="http://www.w3.org/1999/xhtml" xml:lang="en" lang="en">
 <head>
  <title>
</title>
<meta http-equiv="Content-Type" content="text/html;charset=utf-8" />
  <meta name='ocr-system' content='tesseract 3.04.00' />
  <meta name='ocr-capabilities' content='ocr_page ocr_carea ocr_par ocr_line ocrx_word'/>
</head>
<body>
  <div class='ocr_page' id='page_1' title='image "./institutioneset00libegoog_0172.png"; bbox 0 0 3159 4934; ppageno 0'>
   <div class='ocr_carea' id='block_1_1' title="bbox 381 293 1275 350">
    <p class='ocr_par' dir='ltr' id='par_1_1' title="bbox 381 293 1275 350">
     <span class='ocr_line' id='line_1_1' title="bbox 381 293 1275 350; baseline 0 -2"><span class='ocrx_word' id='word_1_1' title='bbox 381 306 464 349; x_wconf 80' lang='lat' dir='ltr'>seror</span> <span class='ocrx_word' id='word_1_2' title='bbox 481 308 517 349; x_wconf 89' lang='lat' dir='ltr'>rv.</span> <span class='ocrx_word' id='word_1_3' title='bbox 536 307 571 349; x_wconf 88' lang='lat' dir='ltr'>on</span> <span class='ocrx_word' id='word_1_4' title='bbox 588 306 691 349; x_wconf 86' lang='lat' dir='ltr'>orrreus</span> <span class='ocrx_word' id='word_1_5' title='bbox 709 306 815 350; x_wconf 82' lang='lat' dir='ltr'>xoumrs</span> <span class='ocrx_word' id='word_1_6' title='bbox 831 306 901 349; x_wconf 79' lang='lat' dir='ltr'>nuos</span> <span class='ocrx_word' id='word_1_7' title='bbox 919 306 995 349; x_wconf 78' lang='lat' dir='ltr'>seros</span> <span class='ocrx_word' id='word_1_8' title='bbox 1223 293 1275 348; x_wconf 79' lang='lat' dir='ltr'>llil</span> 
     </span>
    </p>
   </div>
   <div class='ocr_carea' id='block_1_2' title="bbox 105 416 1340 891">
    <p class='ocr_par' dir='ltr' id='par_1_2' title="bbox 105 416 1340 891">
     <span class='ocr_line' id='line_1_2' title="bbox 109 416 1275 499; baseline -0.003 -16"><span class='ocrx_word' id='word_1_9' title='bbox 109 427 264 499; x_wconf 88' lang='lat' dir='ltr'>propterea</span> <span class='ocrx_word' id='word_1_10' title='bbox 284 419 402 497; x_wconf 89' lang='lat' dir='ltr'>probari</span> <span class='ocrx_word' id='word_1_11' title='bbox 416 419 626 483; x_wconf 71' lang='lat' dir='ltr'>restrictiorem</span> <span class='ocrx_word' id='word_1_12' title='bbox 637 435 716 497; x_wconf 81' lang='lat' dir='ltr'>pare</span> <span class='ocrx_word' id='word_1_13' title='bbox 728 416 887 491; x_wconf 78' lang='lat' dir='ltr'><strong><em>mentales,</em></strong></span> <span class='ocrx_word' id='word_1_14' title='bbox 902 432 953 479; x_wconf 90' lang='lat' dir='ltr'>sen</span> <span class='ocrx_word' id='word_1_15' title='bbox 963 434 1099 496; x_wconf 79' lang='lat' dir='ltr'>prorsas</span> <span class='ocrx_word' id='word_1_16' title='bbox 1114 418 1275 480; x_wconf 75' lang='lat' dir='ltr'>internas:</span> 
     </span>
     <span class='ocr_line' id='line_1_3' title="bbox 106 515 1276 597; baseline -0.004 -17"><span class='ocrx_word' id='word_1_17' title='bbox 106 520 186 581; x_wconf 88' lang='lat' dir='ltr'>idest</span> <span class='ocrx_word' id='word_1_18' title='bbox 198 519 382 597; x_wconf 83' lang='lat' dir='ltr'>loquutiones</span> <span class='ocrx_word' id='word_1_19' title='bbox 395 532 470 595; x_wconf 80' lang='lat' dir='ltr'>quae</span> <span class='ocrx_word' id='word_1_20' title='bbox 484 517 596 579; x_wconf 88' lang='lat' dir='ltr'>ratione</span> <span class='ocrx_word' id='word_1_21' title='bbox 618 516 663 578; x_wconf 92' lang='lat' dir='ltr'>sui</span> <span class='ocrx_word' id='word_1_22' title='bbox 683 524 714 579; x_wconf 88' lang='lat' dir='ltr'>et</span> <span class='ocrx_word' id='word_1_23' title='bbox 728 515 943 588; x_wconf 88' lang='lat' dir='ltr'>adiunctorum,</span> <span class='ocrx_word' id='word_1_24' title='bbox 956 516 986 576; x_wconf 89' lang='lat' dir='ltr'>in</span> <span class='ocrx_word' id='word_1_25' title='bbox 1000 515 1108 593; x_wconf 86' lang='lat' dir='ltr'>quibus</span> <span class='ocrx_word' id='word_1_26' title='bbox 1123 516 1276 593; x_wconf 84' lang='lat' dir='ltr'>proterun-</span> 
     </span>
     <span class='ocr_line' id='line_1_4' title="bbox 107 602 1340 693; baseline -0.002 -15"><span class='ocrx_word' id='word_1_27' title='bbox 107 624 170 690; x_wconf 89' lang='lat' dir='ltr'>tur,</span> <span class='ocrx_word' id='word_1_28' title='bbox 184 632 276 678; x_wconf 91' lang='lat' dir='ltr'>unum</span> <span class='ocrx_word' id='word_1_29' title='bbox 290 616 446 679; x_wconf 75' lang='lat' dir='ltr'>dumtaxat</span> <span class='ocrx_word' id='word_1_30' title='bbox 465 630 583 677; x_wconf 90' lang='lat' dir='ltr'>sensum</span> <span class='ocrx_word' id='word_1_31' title='bbox 597 614 772 693; x_wconf 77' lang='lat' dir='ltr'>exprimant,</span> <span class='ocrx_word' id='word_1_32' title='bbox 785 614 836 692; x_wconf 91' lang='lat' dir='ltr'>qui</span> <span class='ocrx_word' id='word_1_33' title='bbox 853 611 946 674; x_wconf 82' lang='lat' dir='ltr'>falsus</span> <span class='ocrx_word' id='word_1_34' title='bbox 967 619 1028 686; x_wconf 88' lang='lat' dir='ltr'>est;</span> <span class='ocrx_word' id='word_1_35' title='bbox 1043 611 1112 675; x_wconf 88' lang='lat' dir='ltr'>lieet</span> <span class='ocrx_word' id='word_1_36' title='bbox 1136 628 1186 689; x_wconf 90' lang='lat' dir='ltr'>per</span> <span class='ocrx_word' id='word_1_37' title='bbox 1208 628 1277 690; x_wconf 92' lang='lat' dir='ltr'>par·</span> <span class='ocrx_word' id='word_1_38' title='bbox 1337 602 1340 608; x_wconf 80' lang='grc'><strong>’</strong></span> 
     </span>
     <span class='ocr_line' id='line_1_5' title="bbox 106 706 1276 793; baseline -0.007 -15"><span class='ocrx_word' id='word_1_39' title='bbox 106 723 167 778; x_wconf 88' lang='lat' dir='ltr'>tem</span> <span class='ocrx_word' id='word_1_40' title='bbox 182 714 284 787; x_wconf 89' lang='lat' dir='ltr'>aliam,</span> <span class='ocrx_word' id='word_1_41' title='bbox 297 730 373 793; x_wconf 89' lang='lat' dir='ltr'>quae</span> <span class='ocrx_word' id='word_1_42' title='bbox 387 712 448 776; x_wconf 89' lang='lat' dir='ltr'>sola</span> <span class='ocrx_word' id='word_1_43' title='bbox 465 719 560 775; x_wconf 87' lang='lat' dir='ltr'>mente</span> <span class='ocrx_word' id='word_1_44' title='bbox 575 714 725 785; x_wconf 72' lang='lat' dir='ltr'>retinetur,</span> <span class='ocrx_word' id='word_1_45' title='bbox 740 712 818 774; x_wconf 87' lang='lat' dir='ltr'>effici</span> <span class='ocrx_word' id='word_1_46' title='bbox 840 710 934 789; x_wconf 90' lang='lat' dir='ltr'>possit</span> <span class='ocrx_word' id='word_1_47' title='bbox 955 725 1049 773; x_wconf 85' lang='lat' dir='ltr'>uerus.</span> <span class='ocrx_word' id='word_1_48' title='bbox 1067 706 1123 782; x_wconf 84' lang='lat' dir='ltr'>Qui</span> <span class='ocrx_word' id='word_1_49' title='bbox 1137 711 1215 771; x_wconf 91' lang='lat' dir='ltr'>enim</span> <span class='ocrx_word' id='word_1_50' title='bbox 1232 709 1276 771; x_wconf 91' lang='lat' dir='ltr'>sic</span> 
     </span>
     <span class='ocr_line' id='line_1_6' title="bbox 105 806 1277 891; baseline -0.004 -17"><span class='ocrx_word' id='word_1_51' title='bbox 105 813 248 891; x_wconf 80' lang='lat' dir='ltr'>loquitur,</span> <span class='ocrx_word' id='word_1_52' title='bbox 270 814 359 874; x_wconf 90' lang='lat' dir='ltr'>verba</span> <span class='ocrx_word' id='word_1_53' title='bbox 385 812 495 889; x_wconf 89' lang='lat' dir='ltr'>proiert</span> <span class='ocrx_word' id='word_1_54' title='bbox 508 810 698 888; x_wconf 78' lang='lat' dir='ltr'>conceptibus</span> <span class='ocrx_word' id='word_1_55' title='bbox 712 809 798 887; x_wconf 92' lang='lat' dir='ltr'>plane</span> <span class='ocrx_word' id='word_1_56' title='bbox 811 808 968 881; x_wconf 78' lang='lat' dir='ltr'>difformia,</span> <span class='ocrx_word' id='word_1_57' title='bbox 985 823 1021 870; x_wconf 87' lang='lat' dir='ltr'>ac</span> <span class='ocrx_word' id='word_1_58' title='bbox 1035 806 1156 884; x_wconf 87' lang='lat' dir='ltr'>proinde</span> <span class='ocrx_word' id='word_1_59' title='bbox 1170 822 1277 885; x_wconf 81' lang='lat' dir='ltr'>reapse</span> 
     </span>
    </p>
   </div>
   <div class='ocr_carea' id='block_1_3' title="bbox 106 916 1276 1111">
    <p class='ocr_par' dir='ltr' id='par_1_3' title="bbox 106 916 1276 1111">
     <span class='ocr_line' id='line_1_7' title="bbox 106 916 1276 1111; baseline -0.003 -43"><span class='ocrx_word' id='word_1_60' title='bbox 106 916 396 1111; x_wconf 46' lang='grc' dir='ltr'>Ἢῑὲἓονοεηιο</span> <span class='ocrx_word' id='word_1_61' title='bbox 411 1003 452 1069; x_wconf 72' lang='lat'>3⁵.</span> <span class='ocrx_word' id='word_1_62' title='bbox 467 1004 522 1068; x_wconf 82' lang='lat' dir='ltr'>Ea</span> <span class='ocrx_word' id='word_1_63' title='bbox 536 1022 648 1083; x_wconf 86' lang='lat' dir='ltr'>amoro,</span> <span class='ocrx_word' id='word_1_64' title='bbox 663 1003 737 1067; x_wconf 82' lang='lat' dir='ltr'>aliis</span> <span class='ocrx_word' id='word_1_65' title='bbox 751 1002 861 1080; x_wconf 78' lang='lat' dir='ltr'>debito,</span> <span class='ocrx_word' id='word_1_66' title='bbox 882 1002 1017 1067; x_wconf 79' lang='lat' dir='ltr'>resultat</span> <span class='ocrx_word' id='word_1_67' title='bbox 1039 1000 1134 1065; x_wconf 83' lang='lat' dir='ltr'>etiam</span> <span class='ocrx_word' id='word_1_68' title='bbox 1155 1005 1191 1064; x_wconf 83' lang='lat' dir='ltr'>at</span> <span class='ocrx_word' id='word_1_69' title='bbox 1204 1020 1276 1081; x_wconf 82' lang='lat' dir='ltr'>pro·</span> 
     </span>
    </p>
   </div>
   <div class='ocr_carea' id='block_1_4' title="bbox 102 1098 1275 1769">
    <p class='ocr_par' dir='ltr' id='par_1_4' title="bbox 105 1098 1275 1267">
     <span class='ocr_line' id='line_1_8' title="bbox 105 1098 1275 1185; baseline -0.005 -18"><span class='ocrx_word' id='word_1_70' title='bbox 105 1108 196 1169; x_wconf 73' lang='lat' dir='ltr'>scioto</span> <span class='ocrx_word' id='word_1_71' title='bbox 208 1102 446 1185; x_wconf 77' lang='lat' dir='ltr'>benefaciamus,</span> <span class='ocrx_word' id='word_1_72' title='bbox 458 1102 549 1183; x_wconf 78' lang='lat' dir='ltr'>idone</span> <span class='ocrx_word' id='word_1_73' title='bbox 557 1103 741 1185; x_wconf 79' lang='lat' dir='ltr'>plerumque</span> <span class='ocrx_word' id='word_1_74' title='bbox 754 1120 794 1165; x_wconf 80' lang='lat' dir='ltr'>ee</span> <span class='ocrx_word' id='word_1_75' title='bbox 813 1098 914 1181; x_wconf 76' lang='lat' dir='ltr'>officio</span> <span class='ocrx_word' id='word_1_76' title='bbox 936 1098 1114 1180; x_wconf 80' lang='lat' dir='ltr'>imperfecto</span> <span class='ocrx_word' id='word_1_77' title='bbox 1129 1117 1185 1163; x_wconf 81' lang='lat' dir='ltr'>seu</span> <span class='ocrx_word' id='word_1_78' title='bbox 1193 1118 1275 1179; x_wconf 79' lang='lat' dir='ltr'>pare</span> 
     </span>
     <span class='ocr_line' id='line_1_9' title="bbox 105 1202 231 1267; baseline -0.008 -2"><span class='ocrx_word' id='word_1_79' title='bbox 105 1202 231 1267; x_wconf 79' lang='lat' dir='ltr'>morali.</span> 
     </span>
    </p>

    <p class='ocr_par' dir='ltr' id='par_1_5' title="bbox 102 1296 1275 1769">
     <span class='ocr_line' id='line_1_10' title="bbox 147 1296 1275 1377; baseline -0.004 -14"><span class='ocrx_word' id='word_1_80' title='bbox 147 1300 235 1365; x_wconf 88' lang='lat' dir='ltr'>Prob.</span> <span class='ocrx_word' id='word_1_81' title='bbox 251 1298 314 1363; x_wconf 92' lang='lat' dir='ltr'>Nos</span> <span class='ocrx_word' id='word_1_82' title='bbox 328 1315 384 1363; x_wconf 91' lang='lat' dir='ltr'>nou</span> <span class='ocrx_word' id='word_1_83' title='bbox 399 1300 486 1363; x_wconf 89' lang='lat' dir='ltr'>roodo</span> <span class='ocrx_word' id='word_1_84' title='bbox 501 1300 643 1363; x_wconf 85' lang='lat' dir='ltr'>iniuriam</span> <span class='ocrx_word' id='word_1_85' title='bbox 655 1300 716 1377; x_wconf 88' lang='lat' dir='ltr'>pati</span> <span class='ocrx_word' id='word_1_86' title='bbox 731 1299 877 1375; x_wconf 72' lang='lat' dir='ltr'>nolumus,</span> <span class='ocrx_word' id='word_1_87' title='bbox 897 1298 949 1360; x_wconf 89' lang='lat' dir='ltr'>sed</span> <span class='ocrx_word' id='word_1_88' title='bbox 969 1298 1058 1359; x_wconf 90' lang='lat' dir='ltr'>etiam</span> <span class='ocrx_word' id='word_1_89' title='bbox 1074 1298 1160 1361; x_wconf 88' lang='lat' dir='ltr'>honis</span> <span class='ocrx_word' id='word_1_90' title='bbox 1173 1296 1275 1374; x_wconf 79' lang='lat' dir='ltr'>augeri</span> 
     </span>
     <span class='ocr_line' id='line_1_11' title="bbox 102 1394 1275 1476; baseline -0.003 -15"><span class='ocrx_word' id='word_1_91' title='bbox 102 1399 256 1476; x_wconf 89' lang='lat' dir='ltr'>cupimus,</span> <span class='ocrx_word' id='word_1_92' title='bbox 270 1412 345 1475; x_wconf 87' lang='lat' dir='ltr'>quae</span> <span class='ocrx_word' id='word_1_93' title='bbox 359 1404 481 1459; x_wconf 88' lang='lat' dir='ltr'>naturae</span> <span class='ocrx_word' id='word_1_94' title='bbox 496 1397 556 1460; x_wconf 89' lang='lat' dir='ltr'>sint</span> <span class='ocrx_word' id='word_1_95' title='bbox 570 1404 770 1461; x_wconf 89' lang='lat' dir='ltr'>consentanea.</span> <span class='ocrx_word' id='word_1_96' title='bbox 785 1394 818 1461; x_wconf 89' lang='lat' dir='ltr'>Si</span> <span class='ocrx_word' id='word_1_97' title='bbox 834 1397 924 1476; x_wconf 80' lang='lat' dir='ltr'>igitur</span> <span class='ocrx_word' id='word_1_98' title='bbox 940 1397 1108 1474; x_wconf 90' lang='lat' dir='ltr'>proximum</span> <span class='ocrx_word' id='word_1_99' title='bbox 1124 1404 1275 1473; x_wconf 75' lang='lat' dir='ltr'>amquam</span> 
     </span>
     <span class='ocr_line' id='line_1_12' title="bbox 102 1492 1275 1574; baseline -0.003 -16"><span class='ocrx_word' id='word_1_100' title='bbox 102 1512 158 1559; x_wconf 90' lang='lat' dir='ltr'>nos</span> <span class='ocrx_word' id='word_1_101' title='bbox 177 1496 260 1573; x_wconf 79' lang='lat' dir='ltr'>ipsos</span> <span class='ocrx_word' id='word_1_102' title='bbox 273 1494 395 1574; x_wconf 81' lang='lat' dir='ltr'>diligere</span> <span class='ocrx_word' id='word_1_103' title='bbox 410 1502 550 1573; x_wconf 81' lang='lat' dir='ltr'>tenemur,</span> <span class='ocrx_word' id='word_1_104' title='bbox 565 1510 745 1573; x_wconf 83' lang='lat' dir='ltr'>consequens</span> <span class='ocrx_word' id='word_1_105' title='bbox 765 1501 812 1557; x_wconf 91' lang='lat' dir='ltr'>est</span> <span class='ocrx_word' id='word_1_106' title='bbox 835 1503 868 1556; x_wconf 91' lang='lat' dir='ltr'>ut</span> <span class='ocrx_word' id='word_1_107' title='bbox 888 1494 926 1556; x_wconf 87' lang='lat' dir='ltr'>ad</span> <span class='ocrx_word' id='word_1_108' title='bbox 946 1495 1055 1556; x_wconf 85' lang='lat' dir='ltr'>bonum</span> <span class='ocrx_word' id='word_1_109' title='bbox 1077 1492 1135 1571; x_wconf 92' lang='lat' dir='ltr'>ipsi</span> <span class='ocrx_word' id='word_1_110' title='bbox 1151 1493 1275 1570; x_wconf 84' lang='lat' dir='ltr'>positive</span> 
     </span>
     <span class='ocr_line' id='line_1_13' title="bbox 103 1591 1275 1672; baseline -0.004 -15"><span class='ocrx_word' id='word_1_111' title='bbox 103 1594 325 1672; x_wconf 87' lang='lat' dir='ltr'>procurandum</span> <span class='ocrx_word' id='word_1_112' title='bbox 346 1601 434 1672; x_wconf 86' lang='lat' dir='ltr'>atque</span> <span class='ocrx_word' id='word_1_113' title='bbox 454 1594 492 1655; x_wconf 92' lang='lat' dir='ltr'>ad</span> <span class='ocrx_word' id='word_1_114' title='bbox 512 1593 576 1657; x_wconf 90' lang='lat' dir='ltr'>eius</span> <span class='ocrx_word' id='word_1_115' title='bbox 597 1593 828 1657; x_wconf 82' lang='lat' dir='ltr'>incolumitatem</span> <span class='ocrx_word' id='word_1_116' title='bbox 843 1602 873 1655; x_wconf 89' lang='lat' dir='ltr'>et</span> <span class='ocrx_word' id='word_1_117' title='bbox 898 1592 1102 1669; x_wconf 73' lang='lat' dir='ltr'>perfectionem</span> <span class='ocrx_word' id='word_1_118' title='bbox 1124 1591 1275 1664; x_wconf 89' lang='lat' dir='ltr'>tuendam,</span> 
     </span>
     <span class='ocr_line' id='line_1_14' title="bbox 102 1687 1274 1769; baseline -0.005 -14"><span class='ocrx_word' id='word_1_119' title='bbox 102 1706 226 1769; x_wconf 88' lang='lat' dir='ltr'>operam</span> <span class='ocrx_word' id='word_1_120' title='bbox 241 1697 380 1763; x_wconf 90' lang='lat' dir='ltr'>nostram,</span> <span class='ocrx_word' id='word_1_121' title='bbox 395 1698 482 1767; x_wconf 91' lang='lat' dir='ltr'>prout</span> <span class='ocrx_word' id='word_1_122' title='bbox 496 1706 664 1769; x_wconf 88' lang='lat' dir='ltr'>possumus,</span> <span class='ocrx_word' id='word_1_123' title='bbox 674 1691 870 1753; x_wconf 82' lang='lat' dir='ltr'>conteramus.</span> <span class='ocrx_word' id='word_1_124' title='bbox 885 1687 1064 1752; x_wconf 87' lang='lat' dir='ltr'>Huiusmodi</span> <span class='ocrx_word' id='word_1_125' title='bbox 1076 1689 1183 1762; x_wconf 84' lang='lat' dir='ltr'>officia,</span> <span class='ocrx_word' id='word_1_126' title='bbox 1197 1703 1274 1767; x_wconf 87' lang='lat' dir='ltr'>quae</span> 
     </span>
    </p>
   </div>
   <div class='ocr_carea' id='block_1_5' title="bbox 103 1784 1317 1867">
    <p class='ocr_par' dir='ltr' id='par_1_6' title="bbox 103 1784 1404 1878">
     <span class='ocr_line' id='line_1_15' title="bbox 103 1784 1317 1867; baseline -0.001 -16"><span class='ocrx_word' id='word_1_127' title='bbox 103 1788 233 1867; x_wconf 91' lang='lat' dir='ltr'>positiva</span> <span class='ocrx_word' id='word_1_128' title='bbox 245 1788 691 1865; x_wconf 80' lang='lat' dir='ltr'>suntcomprehendunturhac</span> <span class='ocrx_word' id='word_1_129' title='bbox 705 1789 843 1852; x_wconf 81' lang='lat' dir='ltr'>formula:</span> <span class='ocrx_word' id='word_1_130' title='bbox 862 1784 1017 1867; x_wconf 76' lang='lat' dir='ltr'>Quodtibi</span> <span class='ocrx_word' id='word_1_131' title='bbox 1029 1787 1078 1848; x_wconf 80' lang='lat' dir='ltr'>et&#39;s</span> <span class='ocrx_word' id='word_1_132' title='bbox 1088 1785 1168 1865; x_wconf 72' lang='lat' dir='ltr'>pieri,</span> <span class='ocrx_word' id='word_1_133' title='bbox 1180 1785 1275 1848; x_wconf 78' lang='lat' dir='ltr'>alteri</span> <span class='ocrx_word' id='word_1_134' title='bbox 1295 1788 1317 1852; x_wconf 79' lang='lat'>¹,</span> 
     </span>
    </p>
   </div>
   <div class='ocr_carea' id='block_1_6' title="bbox 99 1885 1274 4311">
    <p class='ocr_par' dir='ltr' id='par_1_7' title="bbox 104 1885 537 1963">
     <span class='ocr_line' id='line_1_16' title="bbox 104 1885 537 1963; baseline -0.005 -15"><span class='ocrx_word' id='word_1_135' title='bbox 104 1885 224 1963; x_wconf 79' lang='lat' dir='ltr'>facias.</span> <span class='ocrx_word' id='word_1_136' title='bbox 535 1942 537 1946; x_wconf 81' lang='grc'>,</span> 
     </span>
    </p>

    <p class='ocr_par' dir='ltr' id='par_1_8' title="bbox 101 1981 1274 3233">
     <span class='ocr_line' id='line_1_17' title="bbox 143 1981 1273 2062; baseline -0.003 -17"><span class='ocrx_word' id='word_1_137' title='bbox 143 1981 179 2045; x_wconf 90' lang='lat' dir='ltr'>ln</span> <span class='ocrx_word' id='word_1_138' title='bbox 200 1983 347 2061; x_wconf 87' lang='lat' dir='ltr'>duplicem</span> <span class='ocrx_word' id='word_1_139' title='bbox 370 1992 468 2045; x_wconf 90' lang='lat' dir='ltr'>antem</span> <span class='ocrx_word' id='word_1_140' title='bbox 490 1983 614 2045; x_wconf 85' lang='lat' dir='ltr'>classem</span> <span class='ocrx_word' id='word_1_141' title='bbox 638 1983 789 2061; x_wconf 85' lang='lat' dir='ltr'>dispartiri</span> <span class='ocrx_word' id='word_1_142' title='bbox 811 1982 917 2045; x_wconf 85' lang='lat' dir='ltr'>solent:</span> <span class='ocrx_word' id='word_1_143' title='bbox 932 1983 961 2044; x_wconf 89' lang='lat' dir='ltr'>in</span> <span class='ocrx_word' id='word_1_144' title='bbox 976 1982 1115 2062; x_wconf 86' lang='lat' dir='ltr'>obsequia</span> <span class='ocrx_word' id='word_1_145' title='bbox 1129 1981 1273 2044; x_wconf 76' lang='lat' dir='ltr'>leumani-</span> 
     </span>
     <span class='ocr_line' id='line_1_18' title="bbox 104 2076 1274 2165; baseline -0.001 -22"><span class='ocrx_word' id='word_1_146' title='bbox 104 2082 193 2155; x_wconf 82' lang='lat' dir='ltr'>totis,</span> <span class='ocrx_word' id='word_1_147' title='bbox 217 2081 271 2160; x_wconf 85' lang='lat' dir='ltr'>rel,</span> <span class='ocrx_word' id='word_1_148' title='bbox 286 2088 320 2142; x_wconf 90' lang='lat' dir='ltr'>ut</span> <span class='ocrx_word' id='word_1_149' title='bbox 334 2079 383 2143; x_wconf 91' lang='lat' dir='ltr'>alii</span> <span class='ocrx_word' id='word_1_150' title='bbox 399 2089 513 2161; x_wconf 84' lang='lat' dir='ltr'>vocant,</span> <span class='ocrx_word' id='word_1_151' title='bbox 528 2080 675 2143; x_wconf 78' lang='lat' dir='ltr'>incoctas</span> <span class='ocrx_word' id='word_1_152' title='bbox 692 2080 853 2165; x_wconf 69' lang='lat' dir='ltr'>utilitatis,</span> <span class='ocrx_word' id='word_1_153' title='bbox 875 2089 905 2144; x_wconf 91' lang='lat' dir='ltr'>et</span> <span class='ocrx_word' id='word_1_154' title='bbox 924 2076 1150 2159; x_wconf 68' lang='lat' dir='ltr'>bemtomtiae.</span> <span class='ocrx_word' id='word_1_155' title='bbox 1173 2078 1274 2143; x_wconf 87' lang='lat' dir='ltr'>Prima</span> 
     </span>
     <span class='ocr_line' id='line_1_19' title="bbox 103 2170 1274 2273; baseline -0.001 -32"><span class='ocrx_word' id='word_1_156' title='bbox 103 2187 185 2253; x_wconf 88' lang='lat' dir='ltr'>sunt,</span> <span class='ocrx_word' id='word_1_157' title='bbox 198 2194 274 2257; x_wconf 89' lang='lat' dir='ltr'>quac</span> <span class='ocrx_word' id='word_1_158' title='bbox 289 2181 352 2243; x_wconf 88' lang='lat' dir='ltr'>sine</span> <span class='ocrx_word' id='word_1_159' title='bbox 374 2180 492 2257; x_wconf 91' lang='lat' dir='ltr'>proprio</span> <span class='ocrx_word' id='word_1_160' title='bbox 505 2180 691 2273; x_wconf 72' lang='lat' dir='ltr'>incommodo</span> <span class='ocrx_word' id='word_1_161' title='bbox 705 2188 757 2242; x_wconf 89' lang='lat' dir='ltr'>aut</span> <span class='ocrx_word' id='word_1_162' title='bbox 770 2170 1224 2251; x_wconf 67' lang='lat' dir='ltr'>detrimento‘idls‘exliibentur,</span> <span class='ocrx_word' id='word_1_163' title='bbox 1241 2188 1274 2240; x_wconf 90' lang='lat' dir='ltr'>ut</span> 
     </span>
     <span class='ocr_line' id='line_1_20' title="bbox 102 2263 1274 2355; baseline -0.003 -15"><span class='ocrx_word' id='word_1_164' title='bbox 102 2295 151 2354; x_wconf 89' lang='lat' dir='ltr'>ox,</span> <span class='ocrx_word' id='word_1_165' title='bbox 166 2294 211 2355; x_wconf 79' lang='lat' dir='ltr'>gr.</span> <span class='ocrx_word' id='word_1_166' title='bbox 233 2278 342 2340; x_wconf 89' lang='lat' dir='ltr'>erranti</span> <span class='ocrx_word' id='word_1_167' title='bbox 366 2279 443 2340; x_wconf 86' lang='lat' dir='ltr'>riam</span> <span class='ocrx_word' id='word_1_168' title='bbox 464 2278 624 2355; x_wconf 80' lang='lat' dir='ltr'>ostendere,</span> <span class='ocrx_word' id='word_1_169' title='bbox 646 2263 754 2355; x_wconf 64' lang='lat' dir='ltr'>pient</span> <span class='ocrx_word' id='word_1_170' title='bbox 775 2267 931 2341; x_wconf 70' lang='lat' dir='ltr'>consilium</span> <span class='ocrx_word' id='word_1_171' title='bbox 952 2278 1032 2351; x_wconf 83' lang='lat' dir='ltr'>dare,</span> <span class='ocrx_word' id='word_1_172' title='bbox 1053 2278 1138 2341; x_wconf 86' lang='lat' dir='ltr'>nohis</span> <span class='ocrx_word' id='word_1_173' title='bbox 1156 2275 1274 2339; x_wconf 83' lang='lat' dir='ltr'>inutilia</span> 
     </span>
     <span class='ocr_line' id='line_1_21' title="bbox 103 2374 1273 2455; baseline -0.001 -18"><span class='ocrx_word' id='word_1_174' title='bbox 103 2374 266 2437; x_wconf 83' lang='lat' dir='ltr'>concedere</span> <span class='ocrx_word' id='word_1_175' title='bbox 280 2374 356 2453; x_wconf 85' lang='lat' dir='ltr'>aliis,</span> <span class='ocrx_word' id='word_1_176' title='bbox 370 2382 400 2437; x_wconf 92' lang='lat' dir='ltr'>et</span> <span class='ocrx_word' id='word_1_177' title='bbox 413 2376 456 2437; x_wconf 89' lang='lat' dir='ltr'>sic</span> <span class='ocrx_word' id='word_1_178' title='bbox 471 2376 507 2437; x_wconf 86' lang='lat' dir='ltr'>de</span> <span class='ocrx_word' id='word_1_179' title='bbox 527 2375 654 2454; x_wconf 85' lang='lat' dir='ltr'>reliquis.</span> <span class='ocrx_word' id='word_1_180' title='bbox 670 2374 804 2440; x_wconf 76' lang='lat' dir='ltr'>Seourma</span> <span class='ocrx_word' id='word_1_181' title='bbox 818 2393 887 2440; x_wconf 87' lang='lat' dir='ltr'>roro</span> <span class='ocrx_word' id='word_1_182' title='bbox 901 2377 1049 2451; x_wconf 85' lang='lat' dir='ltr'>dicuntur,</span> <span class='ocrx_word' id='word_1_183' title='bbox 1062 2391 1168 2455; x_wconf 83' lang='lat' dir='ltr'>quaen</span> <span class='ocrx_word' id='word_1_184' title='bbox 1188 2376 1273 2440; x_wconf 87' lang='lat' dir='ltr'>nobis</span> 
     </span>
     <span class='ocr_line' id='line_1_22' title="bbox 103 2472 1272 2562; baseline 0 -27"><span class='ocrx_word' id='word_1_185' title='bbox 103 2478 295 2549; x_wconf 87' lang='lat' dir='ltr'>praestantur</span> <span class='ocrx_word' id='word_1_186' title='bbox 315 2486 382 2535; x_wconf 90' lang='lat' dir='ltr'>cum</span> <span class='ocrx_word' id='word_1_187' title='bbox 405 2472 503 2551; x_wconf 84' lang='lat' dir='ltr'>aliquo</span> <span class='ocrx_word' id='word_1_188' title='bbox 523 2473 706 2562; x_wconf 73' lang='lat' dir='ltr'>incommodo</span> <span class='ocrx_word' id='word_1_189' title='bbox 727 2474 771 2537; x_wconf 88' lang='lat' dir='ltr'>rel</span> <span class='ocrx_word' id='word_1_190' title='bbox 793 2490 891 2536; x_wconf 90' lang='lat' dir='ltr'>rerum</span> <span class='ocrx_word' id='word_1_191' title='bbox 907 2481 1071 2537; x_wconf 84' lang='lat' dir='ltr'>nostrarum</span> <span class='ocrx_word' id='word_1_192' title='bbox 1086 2474 1272 2557; x_wconf 76' lang='lat' dir='ltr'>detrimento,</span> 
     </span>
     <span class='ocr_line' id='line_1_23' title="bbox 102 2555 1270 2654; baseline 0.001 -22"><span class='ocrx_word' id='word_1_193' title='bbox 102 2579 137 2632; x_wconf 90' lang='lat' dir='ltr'>ut</span> <span class='ocrx_word' id='word_1_194' title='bbox 158 2571 184 2632; x_wconf 86' lang='lat' dir='ltr'>si</span> <span class='ocrx_word' id='word_1_195' title='bbox 208 2570 330 2647; x_wconf 86' lang='lat' dir='ltr'>pecunia</span> <span class='ocrx_word' id='word_1_196' title='bbox 345 2578 399 2633; x_wconf 89' lang='lat' dir='ltr'>aut</span> <span class='ocrx_word' id='word_1_197' title='bbox 410 2586 497 2649; x_wconf 91' lang='lat' dir='ltr'>opera</span> <span class='ocrx_word' id='word_1_198' title='bbox 513 2560 581 2633; x_wconf 84' lang='lat' dir='ltr'>aliis</span> <span class='ocrx_word' id='word_1_199' title='bbox 600 2555 785 2647; x_wconf 70' lang='lat' dir='ltr'>opitulemur.</span> <span class='ocrx_word' id='word_1_200' title='bbox 801 2569 882 2634; x_wconf 88' lang='lat' dir='ltr'>Haec</span> <span class='ocrx_word' id='word_1_201' title='bbox 897 2570 982 2648; x_wconf 81' lang='lat' dir='ltr'>longe</span> <span class='ocrx_word' id='word_1_202' title='bbox 995 2571 1137 2654; x_wconf 75' lang='lat' dir='ltr'>oppiliora</span> <span class='ocrx_word' id='word_1_203' title='bbox 1159 2579 1228 2633; x_wconf 91' lang='lat' dir='ltr'>sunt</span> <span class='ocrx_word' id='word_1_204' title='bbox 1240 2580 1270 2633; x_wconf 84' lang='lat' dir='ltr'>et</span> 
     </span>
     <span class='ocr_line' id='line_1_24' title="bbox 102 2664 1272 2753; baseline 0.003 -25"><span class='ocrx_word' id='word_1_205' title='bbox 102 2668 239 2731; x_wconf 89' lang='lat' dir='ltr'>altiorem</span> <span class='ocrx_word' id='word_1_206' title='bbox 268 2667 387 2753; x_wconf 79' lang='lat' dir='ltr'>pariunt</span> <span class='ocrx_word' id='word_1_207' title='bbox 414 2668 539 2731; x_wconf 90' lang='lat' dir='ltr'>laudem.</span> <span class='ocrx_word' id='word_1_208' title='bbox 563 2664 602 2731; x_wconf 87' lang='lat' dir='ltr'>Ut</span> <span class='ocrx_word' id='word_1_209' title='bbox 622 2676 720 2730; x_wconf 88' lang='lat' dir='ltr'>autem</span> <span class='ocrx_word' id='word_1_210' title='bbox 747 2670 920 2748; x_wconf 85' lang='lat' dir='ltr'>prudentiae</span> <span class='ocrx_word' id='word_1_211' title='bbox 940 2669 1041 2747; x_wconf 78' lang='lat' dir='ltr'>regula</span> <span class='ocrx_word' id='word_1_212' title='bbox 1063 2670 1272 2747; x_wconf 81' lang='lat' dir='ltr'>gubernentur,</span> 
     </span>
     <span class='ocr_line' id='line_1_25' title="bbox 102 2765 1272 2846; baseline 0.003 -19"><span class='ocrx_word' id='word_1_213' title='bbox 102 2765 216 2829; x_wconf 80' lang='lat' dir='ltr'>atmndi</span> <span class='ocrx_word' id='word_1_214' title='bbox 238 2766 324 2828; x_wconf 89' lang='lat' dir='ltr'>debet</span> <span class='ocrx_word' id='word_1_215' title='bbox 337 2765 464 2829; x_wconf 88' lang='lat' dir='ltr'>conditio</span> <span class='ocrx_word' id='word_1_216' title='bbox 479 2773 542 2828; x_wconf 88' lang='lat' dir='ltr'>tum</span> <span class='ocrx_word' id='word_1_217' title='bbox 556 2766 630 2845; x_wconf 79' lang='lat' dir='ltr'>eins,</span> <span class='ocrx_word' id='word_1_218' title='bbox 644 2766 696 2844; x_wconf 85' lang='lat' dir='ltr'>qui</span> <span class='ocrx_word' id='word_1_219' title='bbox 717 2768 838 2841; x_wconf 88' lang='lat' dir='ltr'>eontert,</span> <span class='ocrx_word' id='word_1_220' title='bbox 860 2774 922 2829; x_wconf 90' lang='lat' dir='ltr'>tum</span> <span class='ocrx_word' id='word_1_221' title='bbox 944 2767 1009 2830; x_wconf 91' lang='lat' dir='ltr'>eius</span> <span class='ocrx_word' id='word_1_222' title='bbox 1028 2768 1079 2845; x_wconf 86' lang='lat' dir='ltr'>qui</span> <span class='ocrx_word' id='word_1_223' title='bbox 1101 2768 1272 2846; x_wconf 79' lang='lat' dir='ltr'>recipitne·</span> 
     </span>
     <span class='ocr_line' id='line_1_26' title="bbox 102 2848 1273 2952; baseline 0.004 -29"><span class='ocrx_word' id='word_1_224' title='bbox 102 2862 253 2925; x_wconf 82' lang='lat' dir='ltr'>aeficium.</span> <span class='ocrx_word' id='word_1_225' title='bbox 268 2860 472 2925; x_wconf 88' lang='lat' dir='ltr'>·Potissimum</span> <span class='ocrx_word' id='word_1_226' title='bbox 501 2864 664 2926; x_wconf 88' lang='lat' dir='ltr'>cavendum</span> <span class='ocrx_word' id='word_1_227' title='bbox 688 2872 734 2928; x_wconf 90' lang='lat' dir='ltr'>est</span> <span class='ocrx_word' id='word_1_228' title='bbox 754 2848 795 2927; x_wconf 60' lang='lat' dir='ltr'>&#39;ne</span> <span class='ocrx_word' id='word_1_229' title='bbox 822 2865 893 2926; x_wconf 92' lang='lat' dir='ltr'>dum</span> <span class='ocrx_word' id='word_1_230' title='bbox 923 2866 975 2952; x_wconf 88' lang='lat' dir='ltr'>uni</span> <span class='ocrx_word' id='word_1_231' title='bbox 994 2881 1164 2943; x_wconf 87' lang='lat' dir='ltr'>prosumus,</span> <span class='ocrx_word' id='word_1_232' title='bbox 1186 2866 1273 2928; x_wconf 89' lang='lat' dir='ltr'>alteri</span> 
     </span>
     <span class='ocr_line' id='line_1_27' title="bbox 101 2961 1273 3042; baseline 0.002 -18"><span class='ocrx_word' id='word_1_233' title='bbox 101 2974 278 3033; x_wconf 83' lang='lat' dir='ltr'>noceamns3</span> <span class='ocrx_word' id='word_1_234' title='bbox 289 2969 376 3039; x_wconf 89' lang='lat' dir='ltr'>atque</span> <span class='ocrx_word' id='word_1_235' title='bbox 388 2970 420 3022; x_wconf 89' lang='lat' dir='ltr'>ut</span> <span class='ocrx_word' id='word_1_236' title='bbox 431 2961 460 3022; x_wconf 90' lang='lat' dir='ltr'>io</span> <span class='ocrx_word' id='word_1_237' title='bbox 474 2961 676 3024; x_wconf 85' lang='lat' dir='ltr'>benelaciendo</span> <span class='ocrx_word' id='word_1_238' title='bbox 685 2963 757 3025; x_wconf 92' lang='lat' dir='ltr'>ordo</span> <span class='ocrx_word' id='word_1_239' title='bbox 769 2972 911 3039; x_wconf 87' lang='lat' dir='ltr'>servetur,</span> <span class='ocrx_word' id='word_1_240' title='bbox 927 2970 1073 3042; x_wconf 89' lang='lat' dir='ltr'>quatenus</span> <span class='ocrx_word' id='word_1_241' title='bbox 1086 2963 1138 3042; x_wconf 90' lang='lat' dir='ltr'>qui</span> <span class='ocrx_word' id='word_1_242' title='bbox 1152 2966 1273 3027; x_wconf 88' lang='lat' dir='ltr'>coniun-</span> 
     </span>
     <span class='ocr_line' id='line_1_28' title="bbox 101 3059 1270 3135; baseline 0.003 -14"><span class='ocrx_word' id='word_1_243' title='bbox 101 3061 212 3123; x_wconf 86' lang='lat' dir='ltr'>ctiores</span> <span class='ocrx_word' id='word_1_244' title='bbox 233 3066 302 3121; x_wconf 89' lang='lat' dir='ltr'>sunt</span> <span class='ocrx_word' id='word_1_245' title='bbox 321 3059 414 3132; x_wconf 89' lang='lat' dir='ltr'>nobis,</span> <span class='ocrx_word' id='word_1_246' title='bbox 435 3066 488 3121; x_wconf 90' lang='lat' dir='ltr'>aut</span> <span class='ocrx_word' id='word_1_247' title='bbox 509 3060 690 3133; x_wconf 86' lang='lat' dir='ltr'>moratiores,</span> <span class='ocrx_word' id='word_1_248' title='bbox 711 3067 763 3123; x_wconf 93' lang='lat' dir='ltr'>aut</span> <span class='ocrx_word' id='word_1_249' title='bbox 783 3061 886 3124; x_wconf 88' lang='lat' dir='ltr'>maiori</span> <span class='ocrx_word' id='word_1_250' title='bbox 900 3061 1073 3125; x_wconf 83' lang='lat' dir='ltr'>necessitate</span> <span class='ocrx_word' id='word_1_251' title='bbox 1091 3061 1270 3135; x_wconf 86' lang='lat' dir='ltr'>laborantes,</span> 
     </span>
     <span class='ocr_line' id='line_1_29' title="bbox 102 3156 442 3233; baseline -0.006 -12"><span class='ocrx_word' id='word_1_252' title='bbox 102 3156 211 3221; x_wconf 76' lang='lat' dir='ltr'>moeris</span> <span class='ocrx_word' id='word_1_253' title='bbox 234 3157 442 3233; x_wconf 77' lang='lat' dir='ltr'>praeferantur.</span> 
     </span>
    </p>

    <p class='ocr_par' dir='ltr' id='par_1_9' title="bbox 99 3247 1273 4311">
     <span class='ocr_line' id='line_1_30' title="bbox 141 3247 1272 3337; baseline 0.001 -20"><span class='ocrx_word' id='word_1_254' title='bbox 141 3255 200 3330; x_wconf 84' lang='lat' dir='ltr'>Qui</span> <span class='ocrx_word' id='word_1_255' title='bbox 224 3256 392 3320; x_wconf 85' lang='lat' dir='ltr'>huiusmodi</span> <span class='ocrx_word' id='word_1_256' title='bbox 414 3257 541 3334; x_wconf 90' lang='lat' dir='ltr'>positiva</span> <span class='ocrx_word' id='word_1_257' title='bbox 562 3257 658 3319; x_wconf 85' lang='lat' dir='ltr'>cilicia</span> <span class='ocrx_word' id='word_1_258' title='bbox 684 3258 767 3333; x_wconf 86' lang='lat' dir='ltr'>alteri</span> <span class='ocrx_word' id='word_1_259' title='bbox 781 3314 784 3319; x_wconf 84' lang='lat'><em>.</em></span> <span class='ocrx_word' id='word_1_260' title='bbox 797 3258 930 3337; x_wconf 82' lang='lat' dir='ltr'>denegat,</span> <span class='ocrx_word' id='word_1_261' title='bbox 953 3260 1009 3321; x_wconf 90' lang='lat' dir='ltr'>etsi</span> <span class='ocrx_word' id='word_1_262' title='bbox 1038 3258 1154 3322; x_wconf 84' lang='lat' dir='ltr'>dicatur</span> <span class='ocrx_word' id='word_1_263' title='bbox 1181 3247 1272 3334; x_wconf 61' lang='lat' dir='ltr'>lator·</span> 
     </span>
     <span class='ocr_line' id='line_1_31' title="bbox 100 3355 1270 3435; baseline 0 -19"><span class='ocrx_word' id='word_1_264' title='bbox 100 3372 218 3417; x_wconf 80' lang='lat' dir='ltr'>monus</span> <span class='ocrx_word' id='word_1_265' title='bbox 238 3355 465 3435; x_wconf 83' lang='lat' dir='ltr'>(humanitatem</span> <span class='ocrx_word' id='word_1_266' title='bbox 480 3356 567 3429; x_wconf 88' lang='lat' dir='ltr'>enim,</span> <span class='ocrx_word' id='word_1_267' title='bbox 581 3370 657 3435; x_wconf 90' lang='lat' dir='ltr'>quae</span> <span class='ocrx_word' id='word_1_268' title='bbox 677 3356 810 3419; x_wconf 87' lang='lat' dir='ltr'>homines</span> <span class='ocrx_word' id='word_1_269' title='bbox 831 3363 934 3418; x_wconf 88' lang='lat' dir='ltr'>mutua</span> <span class='ocrx_word' id='word_1_270' title='bbox 954 3357 1078 3420; x_wconf 88' lang='lat' dir='ltr'>caritate</span> <span class='ocrx_word' id='word_1_271' title='bbox 1100 3355 1270 3434; x_wconf 76' lang='lat' dir='ltr'>devincita</span> 
     </span>
     <span class='ocr_line' id='line_1_32' title="bbox 102 3452 1270 3533; baseline 0.002 -19"><span class='ocrx_word' id='word_1_272' title='bbox 102 3470 135 3514; x_wconf 92' lang='lat' dir='ltr'>se</span> <span class='ocrx_word' id='word_1_273' title='bbox 162 3452 299 3531; x_wconf 87' lang='lat' dir='ltr'>repellit),</span> <span class='ocrx_word' id='word_1_274' title='bbox 325 3460 422 3515; x_wconf 79' lang='lat' dir='ltr'>mmor</span> <span class='ocrx_word' id='word_1_275' title='bbox 449 3454 555 3516; x_wconf 91' lang='lat' dir='ltr'>stricto</span> <span class='ocrx_word' id='word_1_276' title='bbox 581 3470 670 3517; x_wconf 90' lang='lat' dir='ltr'>seusu</span> <span class='ocrx_word' id='word_1_277' title='bbox 690 3454 749 3517; x_wconf 89' lang='lat' dir='ltr'>dici</span> <span class='ocrx_word' id='word_1_278' title='bbox 771 3455 872 3533; x_wconf 91' lang='lat' dir='ltr'>nequit</span> <span class='ocrx_word' id='word_1_279' title='bbox 892 3454 1041 3532; x_wconf 69' lang='lat' dir='ltr'>transeas,</span> <span class='ocrx_word' id='word_1_280' title='bbox 1063 3470 1157 3533; x_wconf 84' lang='lat' dir='ltr'>neque</span> <span class='ocrx_word' id='word_1_281' title='bbox 1177 3453 1216 3515; x_wconf 89' lang='lat' dir='ltr'>ad</span> <span class='ocrx_word' id='word_1_282' title='bbox 1236 3468 1270 3516; x_wconf 89' lang='lat' dir='ltr'>ea</span> 
     </span>
     <span class='ocr_line' id='line_1_33' title="bbox 102 3549 1270 3629; baseline -0.001 -17"><span class='ocrx_word' id='word_1_283' title='bbox 102 3551 280 3626; x_wconf 85' lang='lat' dir='ltr'>praestanda</span> <span class='ocrx_word' id='word_1_284' title='bbox 295 3552 361 3629; x_wconf 81' lang='lat' dir='ltr'>cogi</span> <span class='ocrx_word' id='word_1_285' title='bbox 376 3558 473 3628; x_wconf 86' lang='lat' dir='ltr'>potest</span> <span class='ocrx_word' id='word_1_286' title='bbox 487 3551 515 3612; x_wconf 91' lang='lat' dir='ltr'>ri</span> <span class='ocrx_word' id='word_1_287' title='bbox 529 3559 658 3614; x_wconf 89' lang='lat' dir='ltr'>externa.</span> <span class='ocrx_word' id='word_1_288' title='bbox 672 3549 737 3615; x_wconf 91' lang='lat' dir='ltr'>Nou</span> <span class='ocrx_word' id='word_1_289' title='bbox 752 3554 829 3614; x_wconf 90' lang='lat' dir='ltr'>enirn</span> <span class='ocrx_word' id='word_1_290' title='bbox 844 3559 915 3614; x_wconf 93' lang='lat' dir='ltr'>sunt</span> <span class='ocrx_word' id='word_1_291' title='bbox 924 3550 1069 3627; x_wconf 79' lang='lat' dir='ltr'>inridico,</span> <span class='ocrx_word' id='word_1_292' title='bbox 1080 3566 1155 3629; x_wconf 84' lang='lat' dir='ltr'>qnae</span> <span class='ocrx_word' id='word_1_293' title='bbox 1166 3564 1270 3628; x_wconf 87' lang='lat' dir='ltr'>nempe</span> 
     </span>
     <span class='ocr_line' id='line_1_34' title="bbox 101 3646 1273 3726; baseline 0.003 -19"><span class='ocrx_word' id='word_1_294' title='bbox 101 3647 235 3710; x_wconf 90' lang='lat' dir='ltr'>iustitiae</span> <span class='ocrx_word' id='word_1_295' title='bbox 249 3648 455 3725; x_wconf 82' lang='lat' dir='ltr'>respondeant3</span> <span class='ocrx_word' id='word_1_296' title='bbox 478 3648 528 3710; x_wconf 93' lang='lat' dir='ltr'>sed</span> <span class='ocrx_word' id='word_1_297' title='bbox 549 3656 619 3710; x_wconf 89' lang='lat' dir='ltr'>suut</span> <span class='ocrx_word' id='word_1_298' title='bbox 632 3663 705 3725; x_wconf 91' lang='lat' dir='ltr'>pure</span> <span class='ocrx_word' id='word_1_299' title='bbox 718 3646 862 3723; x_wconf 80' lang='lat' dir='ltr'>morelio,</span> <span class='ocrx_word' id='word_1_300' title='bbox 882 3649 1088 3726; x_wconf 86' lang='lat' dir='ltr'>respondentia</span> <span class='ocrx_word' id='word_1_301' title='bbox 1106 3646 1208 3711; x_wconf 90' lang='lat' dir='ltr'>virtuti</span> <span class='ocrx_word' id='word_1_302' title='bbox 1222 3662 1273 3710; x_wconf 88' lang='lat' dir='ltr'>ca·</span> 
     </span>
     <span class='ocr_line' id='line_1_35' title="bbox 100 3742 1270 3825; baseline -0.003 -18"><span class='ocrx_word' id='word_1_303' title='bbox 100 3745 200 3807; x_wconf 88' lang='lat' dir='ltr'>ritatis</span> <span class='ocrx_word' id='word_1_304' title='bbox 221 3745 267 3809; x_wconf 84' lang='lat' dir='ltr'>rel</span> <span class='ocrx_word' id='word_1_305' title='bbox 288 3746 520 3819; x_wconf 64' lang='lat' dir='ltr'>benevolentiam</span> <span class='ocrx_word' id='word_1_306' title='bbox 534 3760 660 3825; x_wconf 88' lang='lat' dir='ltr'>quarum</span> <span class='ocrx_word' id='word_1_307' title='bbox 674 3746 848 3809; x_wconf 87' lang='lat' dir='ltr'>exercitium</span> <span class='ocrx_word' id='word_1_308' title='bbox 867 3747 952 3808; x_wconf 92' lang='lat' dir='ltr'>nobis</span> <span class='ocrx_word' id='word_1_309' title='bbox 973 3746 1137 3823; x_wconf 88' lang='lat' dir='ltr'>imperatur</span> <span class='ocrx_word' id='word_1_310' title='bbox 1150 3742 1270 3823; x_wconf 87' lang='lat' dir='ltr'>quidem</span> 
     </span>
     <span class='ocr_line' id='line_1_36' title="bbox 99 3839 1270 3931; baseline -0.002 -26"><span class='ocrx_word' id='word_1_311' title='bbox 99 3860 116 3905; x_wconf 92' lang='lat' dir='ltr'>a</span> <span class='ocrx_word' id='word_1_312' title='bbox 131 3839 207 3916; x_wconf 88' lang='lat' dir='ltr'>Deo,</span> <span class='ocrx_word' id='word_1_313' title='bbox 229 3842 291 3917; x_wconf 85' lang='lat' dir='ltr'>seo,</span> <span class='ocrx_word' id='word_1_314' title='bbox 309 3858 380 3911; x_wconf 67' lang='lat' dir='ltr'>‚eom</span> <span class='ocrx_word' id='word_1_315' title='bbox 394 3857 450 3931; x_wconf 86' lang='lat' dir='ltr'>non</span> <span class='ocrx_word' id='word_1_316' title='bbox 471 3843 509 3906; x_wconf 89' lang='lat' dir='ltr'>ad</span> <span class='ocrx_word' id='word_1_317' title='bbox 523 3858 624 3907; x_wconf 90' lang='lat' dir='ltr'>omnes</span> <span class='ocrx_word' id='word_1_318' title='bbox 644 3844 761 3907; x_wconf 90' lang='lat' dir='ltr'>extendi</span> <span class='ocrx_word' id='word_1_319' title='bbox 784 3843 876 3924; x_wconf 81' lang='lat' dir='ltr'>possit</span> <span class='ocrx_word' id='word_1_320' title='bbox 891 3842 932 3921; x_wconf 84' lang='lat' dir='ltr'>(id</span> <span class='ocrx_word' id='word_1_321' title='bbox 947 3842 1023 3905; x_wconf 90' lang='lat' dir='ltr'>enim</span> <span class='ocrx_word' id='word_1_322' title='bbox 1046 3842 1123 3904; x_wconf 84' lang='lat' dir='ltr'>viros</span> <span class='ocrx_word' id='word_1_323' title='bbox 1138 3841 1270 3919; x_wconf 88' lang='lat' dir='ltr'>superat)</span> 
     </span>
     <span class='ocr_line' id='line_1_37' title="bbox 99 3940 1271 4019; baseline -0.002 -16"><span class='ocrx_word' id='word_1_324' title='bbox 99 3956 171 4019; x_wconf 82' lang='lat' dir='ltr'>erga</span> <span class='ocrx_word' id='word_1_325' title='bbox 192 3956 280 4019; x_wconf 89' lang='lat' dir='ltr'>quem</span> <span class='ocrx_word' id='word_1_326' title='bbox 303 3940 513 4017; x_wconf 85' lang='lat' dir='ltr'>particulatim,</span> <span class='ocrx_word' id='word_1_327' title='bbox 533 3949 563 4003; x_wconf 89' lang='lat' dir='ltr'>et</span> <span class='ocrx_word' id='word_1_328' title='bbox 582 3957 640 4019; x_wconf 90' lang='lat' dir='ltr'>quo</span> <span class='ocrx_word' id='word_1_329' title='bbox 655 3947 900 4019; x_wconf 89' lang='lat' dir='ltr'>temporeetqua</span> <span class='ocrx_word' id='word_1_330' title='bbox 915 3955 1062 4013; x_wconf 90' lang='lat' dir='ltr'>mensura,</span> <span class='ocrx_word' id='word_1_331' title='bbox 1076 3947 1105 4002; x_wconf 90' lang='lat' dir='ltr'>et</span> <span class='ocrx_word' id='word_1_332' title='bbox 1119 3940 1271 4019; x_wconf 85' lang='lat' dir='ltr'>inquibus</span> 
     </span>
     <span class='ocr_line' id='line_1_38' title="bbox 100 4036 1271 4124; baseline 0 -24"><span class='ocrx_word' id='word_1_333' title='bbox 100 4038 339 4101; x_wconf 90' lang='lat' dir='ltr'>circumstantiis</span> <span class='ocrx_word' id='word_1_334' title='bbox 360 4045 429 4101; x_wconf 90' lang='lat' dir='ltr'>actu</span> <span class='ocrx_word' id='word_1_335' title='bbox 450 4039 625 4117; x_wconf 81' lang='lat' dir='ltr'>adstringat,</span> <span class='ocrx_word' id='word_1_336' title='bbox 645 4038 676 4099; x_wconf 92' lang='lat' dir='ltr'>id</span> <span class='ocrx_word' id='word_1_337' title='bbox 697 4046 798 4102; x_wconf 90' lang='lat' dir='ltr'>nostro</span> <span class='ocrx_word' id='word_1_338' title='bbox 822 4038 931 4100; x_wconf 90' lang='lat' dir='ltr'>iudicio</span> <span class='ocrx_word' id='word_1_339' title='bbox 956 4037 1091 4100; x_wconf 90' lang='lat' dir='ltr'>relictum</span> <span class='ocrx_word' id='word_1_340' title='bbox 1111 4045 1164 4100; x_wconf 89' lang='lat' dir='ltr'>est.</span> <span class='ocrx_word' id='word_1_341' title='bbox 1187 4036 1271 4124; x_wconf 80' lang='lat' dir='ltr'>Unde</span> 
     </span>
     <span class='ocr_line' id='line_1_39' title="bbox 100 4131 1270 4221; baseline 0.002 -24"><span class='ocrx_word' id='word_1_342' title='bbox 100 4134 212 4197; x_wconf 89' lang='lat' dir='ltr'>anulla</span> <span class='ocrx_word' id='word_1_343' title='bbox 228 4134 368 4221; x_wconf 87' lang='lat' dir='ltr'>peculiari</span> <span class='ocrx_word' id='word_1_344' title='bbox 383 4150 506 4214; x_wconf 88' lang='lat' dir='ltr'>persona</span> <span class='ocrx_word' id='word_1_345' title='bbox 519 4134 598 4213; x_wconf 78' lang='lat' dir='ltr'>exigi</span> <span class='ocrx_word' id='word_1_346' title='bbox 613 4150 666 4197; x_wconf 92' lang='lat' dir='ltr'>suo</span> <span class='ocrx_word' id='word_1_347' title='bbox 679 4134 742 4197; x_wconf 88' lang='lat' dir='ltr'>iure</span> <span class='ocrx_word' id='word_1_348' title='bbox 759 4140 863 4213; x_wconf 90' lang='lat' dir='ltr'>potest.</span> <span class='ocrx_word' id='word_1_349' title='bbox 880 4131 991 4213; x_wconf 79' lang='lat' dir='ltr'>Excipe</span> <span class='ocrx_word' id='word_1_350' title='bbox 1005 4150 1108 4198; x_wconf 82' lang='lat' dir='ltr'>msam</span> <span class='ocrx_word' id='word_1_351' title='bbox 1122 4142 1270 4199; x_wconf 91' lang='lat' dir='ltr'>extremae</span> 
     </span>
     <span class='ocr_line' id='line_1_40' title="bbox 99 4231 1271 4311; baseline 0.004 -19"><span class='ocrx_word' id='word_1_352' title='bbox 99 4231 303 4307; x_wconf 85' lang='lat' dir='ltr'>necessitatis;</span> <span class='ocrx_word' id='word_1_353' title='bbox 325 4233 354 4294; x_wconf 90' lang='lat' dir='ltr'>in</span> <span class='ocrx_word' id='word_1_354' title='bbox 375 4248 433 4311; x_wconf 87' lang='lat' dir='ltr'>qua</span> <span class='ocrx_word' id='word_1_355' title='bbox 455 4231 603 4296; x_wconf 86' lang='lat' dir='ltr'>evidenter</span> <span class='ocrx_word' id='word_1_356' title='bbox 623 4239 774 4310; x_wconf 88' lang='lat' dir='ltr'>appareat,</span> <span class='ocrx_word' id='word_1_357' title='bbox 790 4233 829 4295; x_wconf 86' lang='lat' dir='ltr'>ab</span> <span class='ocrx_word' id='word_1_358' title='bbox 842 4246 876 4295; x_wconf 89' lang='lat' dir='ltr'>ca</span> <span class='ocrx_word' id='word_1_359' title='bbox 898 4232 1065 4310; x_wconf 88' lang='lat' dir='ltr'>proximum</span> <span class='ocrx_word' id='word_1_360' title='bbox 1081 4234 1195 4298; x_wconf 89' lang='lat' dir='ltr'>nonnisi</span> <span class='ocrx_word' id='word_1_361' title='bbox 1215 4248 1271 4311; x_wconf 91' lang='lat' dir='ltr'>ope</span> 
     </span>
    </p>
   </div>
   <div class='ocr_carea' id='block_1_7' title="bbox 0 0 1584 4934">
    <p class='ocr_par' dir='ltr' id='par_1_10' title="bbox 0 0 1584 4934">
     <span class='ocr_line' id='line_1_41' title="bbox 0 0 1584 4934; baseline 0 0"><span class='ocrx_word' id='word_1_362' title='bbox 0 0 1584 4934; x_wconf 95' lang='lat' dir='ltr'> </span> 
     </span>
    </p>
   </div>
  </div>
 </body>
</html>
