3159 4934
15 2170 122 2223 ,ἴ

382 367 467 411 CAPUT
486 369 523 409 lv.
542 370 576 411 ml
594 366 698 411 olricus
715 368 821 411 moeridis
839 370 908 413 nuda
927 370 1003 413 Atros

590 642 759 707 Announus
780 642 803 707 l.

427 770 895 841 'Mmmm

148 964 200 1031 62.
215 964 299 1035 Unde
313 966 419 1035 orilur.
434 969 480 1034 Ex
498 973 720 1050 participatione
734 972 866 1037 eiusdem
885 981 1016 1053 naturae,
1031 976 1278 1053 quom-dieimus.

104 1070 242 1146 exsurgit
264 1075 295 1130 ul
310 1069 452 1132 instinctu
466 1070 599 1133 homines
614 1086 645 1132 se
659 1072 793 1134 invicem·
804 1070 936 1150 diligant.
952 1070 1121 1135 Similitudo
1142 1074 1217 1135 enim
1232 1082 1279 1136 est

110 1180 203 1228 eausa
224 1168 339 1230 amoris,
357 1189 374 1223 α
388 1166 435 1231 Ex
448 1170 515 1249 hoe,
536 1169 614 1247 quod
628 1168 720 1248 aliqui
740 1170 799 1231 dno
820 1179 889 1232 sunt
903 1169 1024 1249 similes,
1037 1172 1078 1233 ait
1100 1168 1281 1244 Slhomas,

107 1265 199 1341 quasi
220 1264 361 1327 hahentes
383 1282 470 1327 unam
491 1266 706 1345 formamsunt
720 1267 935 1347 quodammodo
950 1268 1084 1329 nnumin
1105 1268 1197 1331 iorma
1214 1267 1279 1340 illa;

110 1364 191 1427 sieut
212 1362 270 1425 duo
291 1363 422 1425 homines
437 1372 507 1427 sunt
526 1379 615 1426 unum
631 1364 659 1425 in
675 1365 773 1441 speeie
794 1362 995 1426 humanitatis.
1014 1363 1053 1427 lli
1068 1365 1133 1428 ideo
1154 1366 1280 1429 alieuius

109 1460 200 1524 unius
222 1461 315 1523 tendit
334 1462 363 1522 iir
385 1461 518 1537 alterum,
534 1462 611 1523 siout
625 1464 655 1524 in
676 1478 766 1524 onum
789 1462 855 1535 sibi,
876 1470 906 1523 et
927 1462 990 1524 vult
1011 1464 1037 1525 ei
1061 1465 1180 1541 bonnm,
1201 1464 1279 1526 siout

108 1566 138 1619 et
158 1558 216 1621 sibi
233 1556 284 1637 (l).
299 1579 317 1615 »
339 1556 419 1621 ldem
441 1560 633 1631 convincitur,
647 1568 765 1637 praeter
785 1562 861 1622 hane
874 1560 1038 1623 naturalem
1052 1560 1279 1634 inclinationem,

107 1672 145 1718 ex
160 1656 343 1733 praescripto
357 1656 487 1719 rationis.
502 1655 578 1719 Nam
594 1657 770 1735 principium
784 1656 857 1718 illud
867 1656 943 1719 iuris
955 1658 1112 1720 naturalis:
1131 1655 1277 1721 Ordinem
1377 1729 1380 1734 ⁵

106 1772 208 1830 seruq
232 1756 301 1817 dnm
324 1756 404 1819 iubet
426 1764 459 1818 ut
485 1764 571 1819 aetus
592 1756 753 1819 voluntatis
779 1755 971 1819 relationibus
999 1772 1096 1819 rernm
1117 1758 1279 1821 conforme-

34 1926 38 1937 .
110 1869 188 1933 mus,
201 1854 284 1919 iubet
298 1855 427 1932 proieolo
441 1852 528 1915 simul
551 1862 582 1933 ut
603 1862 716 1917 eeteros
730 1854 864 1916 homines
877 1852 906 1914 in
927 1853 1030 1916 eodem
1044 1855 1148 1932 gradu
1162 1870 1197 1917 an
1214 1870 1278 1928 nos,

110 1952 289 2017 constitutos
310 1953 538 2025 consideremus,
563 1952 659 2031 iisque
683 1952 759 2014 idem
782 1952 900 2025 bonum,
921 1952 1000 2028 quod
1023 1953 1108 2015 nobis
1133 1953 1278 2032 volumus,

107 2061 292 2128 appetamus.
315 2048 392 2113 Hine
416 2056 538 2111 naturae
567 2058 771 2129 praeceptum:
793 2046 901 2130 Dilige
922 2051 1109 2129 prodientem,
1134 2050 1216 2113 sieed
1237 2054 1278 2113 to·

114 2152 119 2161 .
1181 2146 1290 2195 pe&

147 2245 195 2312 63.
217 2245 366 2317 contenit
386 2264 455 2316 oum
478 2262 595 2327 amore,
618 2264 677 2332 quo
699 2250 756 2315 nos
777 2243 862 2332 ipsos
877 2243 1102 2333 prosequimur,
1129 2244 1276 2332 qualilaie
1329 2220 1344 2237 N

112 2364 173 2413 nou
189 2342 368 2431 quanlllale.
384 2344 457 2409 Cum
473 2346 599 2408 dicimur
614 2346 704 2408 teneri
719 2346 929 2408 adamandam
944 2345 1111 2423 proximum
1125 2345 1209 2407 siout
1221 2361 1275 2408 nos

110 2447 203 2521 ipsos,
225 2444 371 2521 particula
392 2445 473 2507 sicot
493 2460 548 2506 non
570 2444 646 2506 idern
669 2452 752 2505 sonat
773 2459 808 2505 ae
828 2446 989 2521 quantum.
1006 2440 1073 2504 Etsi
1094 2443 1172 2504 enim
1194 2442 1276 2521 qnis-

105 2558 164 2621 que
185 2541 286 2604 eadem
301 2540 387 2615 bona,
402 2556 478 2619 quae
493 2540 551 2603 sibi
567 2540 637 2615 vult,
653 2541 719 2603 aliis
734 2540 807 2603 velle
821 2541 923 2612 doben
938 2547 1035 2601 tamen
1056 2543 1120 2602 eius
1141 2540 1276 2603 voluntas

108 2640 268 2704 intensiore
281 2640 387 2703 affeetu
403 2640 496 2701 lertur
510 2639 540 2701 in
555 2639 695 2715 seipsum,
711 2654 800 2717 quam
815 2639 845 2700 in
861 2639 945 2700 alios.
961 2636 1074 2700 Natura
1096 2640 1185 2711 enim,
1199 2655 1275 2716 qnae

108 2740 146 2801 ad
161 2754 291 2802 amorem
313 2737 447 2817 impellit,
462 2738 557 2817 magis
577 2738 679 2799 intima
702 2738 813 2800 homini
835 2746 878 2800 est
899 2746 1034 2815 respectu
1055 2740 1112 2811 sui,
1126 2754 1216 2817 quam
1231 2754 1277 2801 re-

107 2844 211 2915 speetu
226 2836 348 2900 aliorum
371 2836 540 2909 hominunm
555 2843 653 2898 motus
675 2842 782 2911 autem,
806 2835 911 2898 ceteris
933 2836 1064 2914 paribus,
1086 2852 1120 2899 eo
1141 2843 1187 2899 est
1206 2837 1277 2899 vali·

106 2938 180 3009 dior,
195 2951 253 3013 quo
275 2942 370 2998 motor
390 2934 490 2997 mobili
511 2934 606 3013 magis
627 2934 767 3013 iungitur.
784 2934 833 2997 Ad
854 2949 915 2997 rem
937 2931 966 2996 S.
985 2931 1130 2996 l'iromas:
1148 2932 1276 3013 «Magis

110 3036 312 3113 unusquisque
334 3035 462 3111 seipsum
485 3040 575 3106 amat,
588 3041 681 3111 qnam·
699 3031 807 3105 alium;
821 3031 891 3111 quia
913 3032 970 3093 sibi
991 3048 1066 3093 unus
1081 3039 1133 3094 est
1153 3034 1184 3094 in
1206 3033 1278 3094 sub-

112 3134 231 3206 stantia,
252 3132 335 3194 alteri
364 3146 432 3194 vero
457 3130 700 3193 insimilitudine
724 3130 850 3192 alieuius
878 3131 988 3192 iormae
1009 3126 1060 3208 (2).
1081 3151 1099 3185 »
1121 3127 1161 3192 Et
1186 3130 1275 3193 alibi:

109 3256 126 3289 «
140 3234 235 3297 Amor
256 3239 300 3293 est
322 3230 416 3295 uirtus
438 3228 558 3291 unitiva.
580 3225 746 3307 Unicuique
766 3234 864 3290 antem
885 3228 924 3288 ad
945 3228 1076 3304 seipsum
1101 3236 1146 3290 est
1169 3228 1275 3301 unitas,

104 3346 180 3409 quae
200 3336 246 3391 est
266 3329 363 3407 potior
384 3327 495 3389 unione.
510 3322 594 3389 Unde
616 3326 695 3387 sieut
709 3325 807 3387 unitas
827 3332 874 3386 est
888 3325 1066 3403 principium
1088 3325 1217 3397 unionis;
1232 3325 1273 3386 ita

108 3444 200 3501 amor,
213 3444 271 3505 quo
291 3426 357 3506 quis
377 3424 473 3503 diligit
493 3423 631 3502 seipsum,
651 3431 698 3485 est
719 3422 811 3485 forma
832 3430 862 3485 et
884 3422 969 3484 radix
990 3422 1153 3495 amicitiae;
1168 3422 1198 3482 in
1218 3421 1275 3482 hoe

106 3525 186 3586 enim
207 3525 364 3599 amicitiam
386 3523 530 3585 habemns
555 3522 594 3583 ud
621 3520 705 3594 alios,
726 3522 805 3599 quod
826 3522 863 3582 ad
885 3536 935 3583 eos
957 3536 1010 3583 nos
1031 3520 1175 3582 habemus
1197 3520 1277 3581 sieut
1345 3558 1349 3564 -

104 3622 142 3684 ad
164 3636 219 3684 nos
239 3623 318 3700 ipsos
334 3618 385 3701 (3).
400 3642 417 3677 a
434 3618 631 3697 Consequitur
644 3619 713 3681 hine
735 3625 767 3679 ut
788 3618 812 3678 si
835 3617 952 3695 quando
972 3632 1064 3691 amor,
1079 3632 1168 3695 quem
1189 3616 1275 3679 nobis

106 3720 346 3798 delementum
370 3735 469 3782 amore
495 3718 633 3797 eonlligat
655 3716 722 3779 aliis
747 3716 865 3791 dehito;
888 3716 1047 3794 posteriore
1076 3715 1134 3778 hoe
1161 3712 1274 3788 colliso,
1359 3741 1361 3744 v

109 3819 379 3896 priorexsnperet:
401 3816 458 3879 nisi
479 3832 561 3879 arnor
583 3813 646 3889 Dei,
665 3815 717 3894 qui
740 3822 897 3892 utrumque
923 3812 1137 3891 superexcedit,
1159 3818 1278 3876 eontra-

108 3916 183 3979 rium
205 3916 381 3993 qnandoque
401 3914 584 3997 persuadeat.

150 4150 186 4209 (l)
203 4149 318 4198 Summa
335 4147 373 4195 tlt.
393 4145 490 4196 13²2.ae
507 4161 529 4209 q.
547 4146 647 4205 xxvii,
664 4161 686 4193 a.
703 4146 726 4198 3,

150 4229 185 4291 (2)
201 4228 263 4279 lbid.
280 4243 305 4277 a.
320 4228 342 4276 4.

152 4309 185 4370 (3)
203 4310 318 4359 Summa
334 4308 370 4357 tlt.
388 4306 486 4361 13²2&
504 4321 527 4370 q.
545 4304 622 4365 XXV,
640 4320 663 4355 a.
682 4307 703 4355 l.
