3159 4934
288 232 342 289 le
613 249 656 290 tus
674 248 820 291 varunna-
833 251 902 293 rans
919 251 947 293 rt.
965 251 1007 294 ros
1023 251 1131 296 socrate

288 370 438 436 consonat,
459 370 602 441 repugnat
622 362 715 426 alteri.
737 361 833 428 Homo
852 371 952 427 antem
972 365 1060 444 (idem
1083 365 1131 427 dic
1146 363 1184 426 de
1198 361 1352 427 hominum
1366 354 1462 418 colle

288 457 396 537 ctione)
416 475 471 522 non
493 460 652 534 abstracte,
674 469 762 539 prout
781 462 848 524 idea
873 469 989 525 tantum
1017 463 1193 536 continetur,
1213 455 1393 538 cogitandus
1414 459 1464 515 est

289 556 318 617 in
339 557 438 630 rebus,
452 531 745 638 qffiendnm
761 560 919 638 pertinent3
936 559 988 623 sed
1003 560 1178 638 cogitandus
1197 565 1246 622 est
1265 557 1296 619 in
1310 558 1463 623 concreto,

290 661 376 730 prout
398 653 445 715 bis
467 654 514 719 vel
534 654 593 716 illis
613 656 829 720 conditionibus
855 665 885 720 et
912 658 1147 721 circumstantiis
1173 656 1292 736 realiter
1319 651 1465 715 afficitur.

290 750 422 815 Iamvero
438 753 468 812 in
483 753 539 815 bac
554 754 786 817 consideratione
801 762 937 819 concreta
961 756 1126 818 humanum
1146 769 1238 834 genus
1257 747 1466 814 incredibilem

290 849 375 912 offert
397 849 579 929 varietatem,
600 859 720 929 propter
739 867 829 931 quam
844 852 970 915 diversis
991 853 1122 915 elateriis
1142 850 1262 925 moveri,
1278 849 1400 911 diversa
1419 861 1467 907 ra·

292 949 368 1010 tione
380 946 460 1020 duci,
470 948 597 1011 diversis
608 949 705 1013 fnlciri
715 950 917 1028 adminiculis,
930 951 1056 1013 diversis
1070 950 1172 1028 augeri
1187 947 1340 1027 praesidiis
1354 945 1465 1022 poscit.

292 1043 358 1108 Non
380 1044 470 1124 igitur
490 1046 591 1108 eadem
614 1048 766 1126 regiminis
787 1048 880 1112 forma
898 1062 1063 1128 opportuna
1077 1051 1134 1113 erit
1154 1064 1247 1127 aeque
1262 1055 1314 1126 pro
1328 1044 1467 1124 singulis.

292 1141 386 1205 lmmo
407 1142 457 1205 illa
471 1144 546 1222 ipsa,
560 1161 635 1223 quae
656 1146 808 1210 abstracte
824 1148 1036 1224 perfectissima
1052 1149 1183 1210 omnium
1197 1147 1320 1209 tortasse
1335 1143 1468 1216 videtur,

295 1256 347 1318 pro
367 1241 465 1320 aliqua
487 1242 626 1320 peculiari
646 1253 733 1322 gente
753 1261 810 1308 non
831 1245 918 1308 modo
939 1247 1136 1338 ithans
1164 1244 1216 1307 scd
1237 1244 1296 1306 lere
1323 1239 1468 1317 impossi-

294 1339 375 1411 aba..
384 1341 495 1403 censeri
519 1344 633 1417 poterit.
655 1339 704 1404 Sic
724 1357 770 1404 ex.
793 1359 838 1420 gr.
860 1343 991 1405 absurda
1013 1350 1091 1405 osset
1112 1341 1295 1421 hypothesis,
1308 1354 1370 1416 qua
1386 1337 1468 1400 natio

294 1437 460 1499 amerioana
482 1435 631 1502 Statuam
659 1435 826 1502 Unitorum
847 1442 903 1503 snb
933 1441 1104 1504 monarchia
1131 1439 1319 1516 concipiatur.
1344 1433 1466 1508 Contra,

294 1535 370 1597 aliae
395 1543 464 1597 sunt
491 1544 602 1614 gentes,
622 1537 732 1615 quibus
761 1538 892 1617 regimen
923 1538 1061 1615 populare
1089 1537 1187 1599 minus
1215 1533 1467 1609 accommodatur,

296 1640 415 1710 propter
435 1632 559 1695 nimium
581 1635 755 1712 phantasiae
775 1644 901 1715 aestum,
919 1637 1060 1700 novitatis
1082 1636 1224 1707 studium,
1245 1633 1469 1711 loquacitatem,

295 1730 496 1809 invidentiam,
517 1732 649 1810 aliosque
671 1733 816 1808 delectum
840 1735 868 1798 vi
890 1750 1017 1814 qnorum
1037 1734 1117 1812 apud
1137 1749 1186 1796 eos
1206 1730 1385 1795 democratia
1410 1744 1468 1792 non

297 1828 539 1906 tranquillitatem
553 1838 582 1891 et
592 1830 734 1905 ordinem,
747 1832 800 1894 scd
811 1833 1020 1904 contusionem,
1031 1830 1201 1903 tumultum,
1212 1828 1310 1891 studia
1324 1827 1467 1905 partium,

1541 1782 1543 1821 t

1541 1824 1543 1875 l

297 1924 426 1986 medium
447 1927 631 2002 opprimendi
652 1928 735 2003 alios,
756 1931 785 1992 in
808 1939 926 1992 summa
948 1946 1047 1993 veram
1071 1929 1255 2009 tyrannidem
1283 1929 1464 2003 importaret.
1542 1916 1544 2023 l

338 2017 386 2085 od.
408 2019 584 2088 Pnoeosrrto
605 2023 648 2087 3⁸.
670 2024 739 2089 Ittu
759 2025 867 2106 forma
894 2046 953 2106 pro
980 2025 1117 2107 sinpulis
1145 2024 1316 2106 partesque
1335 2006 1475 2102 populis*

298 2120 402 2199 aptior
422 2123 477 2198 eol,
500 2141 579 2201 quoe
598 2122 685 2203 apud
705 2123 778 2188 illos
799 2124 997 2205 lepitimilote
1013 2123 1138 2206 pandet.

339 2216 426 2283 Proh.
448 2217 510 2312 Pax
531 2229 561 2284 et
582 2222 729 2285 stabilitas
750 2223 872 2298 ordinis,
887 2224 917 2286 in
937 2234 996 2302 qno
1017 2223 1196 2301 reipublicae
1210 2221 1319 2284 bonum
1336 2219 1469 2281 maxime

299 2318 440 2400 cernitur,
462 2327 522 2382 tota
543 2311 653 2399 quanta
673 2317 729 2395 est,
752 2323 859 2399 pendet
879 2337 916 2385 ex
937 2322 1112 2410 certitudine
1133 2321 1270 2393 subiecti,
1290 2319 1322 2381 in
1340 2333 1403 2396 quo
1423 2318 1470 2379 ius

300 2416 464 2494 imperandi
485 2419 623 2482 resideat.
638 2417 720 2482 Haeo
742 2427 842 2483 antem
864 2405 1156 2498 certitudosen'qua
1177 2434 1267 2482 verus
1286 2414 1472 2480 obedientiae

300 2531 405 2578 sensus
420 2518 450 2580 in
465 2518 570 2579 animis
586 2518 773 2600 subditorum
795 2519 993 2598 ingeneratur,
1009 2534 1064 2581 non
1085 2516 1201 2579 aliunde
1216 2515 1367 2592 repetitur,
1382 2526 1471 2589 qnam

299 2629 337 2674 ex
357 2613 502 2702 evidentia
525 2615 603 2705 Q
623 2631 682 2694 quo
705 2618 839 2693 superior
859 2617 1067 2679 auctoritatem
1091 2615 1230 2693 possidet.
1252 2611 1334 2676 Unde
1356 2612 1474 2686 sapien·

303 2710 416 2773 tissima
437 2699 539 2774 luit'ea
556 2729 613 2775 vox
631 2713 713 2776 ducis
734 2713 824 2788 illius,
838 2715 890 2792 qni
911 2716 1019 2778 nostris
1041 2712 1232 2790 temporibus,
1247 2710 1286 2772 ad
1306 2709 1472 2770 austriaeos

305 2807 427 2883 populos
441 2809 470 2872 in
493 2826 565 2887 pace
579 2812 779 2886 continendos,
794 2812 986 2876 exclamavit:
1001 2805 1337 2894 retemptatoque.
1354 2805 1474 2871 Revera

301 2904 381 2964 enim
403 2915 578 2976 concretum
592 2909 770 2987 principium
792 2910 903 2981 ordinis
918 2911 1034 2972 nonnisi
1048 2912 1078 2972 in
1100 2924 1135 2972 eo
1157 2908 1315 2980 residebat,
1329 2906 1384 2983 qui
1404 2905 1476 2983 legi-

305 3000 375 3062 time
396 3001 569 3079 imperabat.

294 3094 393 3211 ΧΛῨΙ.
405 3085 584 3165 Phorosrrro
599 3103 641 3167 4·.
662 3103 870 3170 Gubernatori
881 3106 1004 3170 donitas
1025 3123 1088 3170 nott
1110 3109 1174 3167 tum
1189 3061 1307 3183 pendet
1327 3119 1348 3163 o
1369 3075 1504 3177 foranoxx

304 3197 475 3276 repemina,
498 3217 594 3280 quom
614 3220 635 3262 o
652 3202 894 3284 procreantium
914 3203 1088 3267 honestate.

338 3291 431 3371 ,Proh
447 3293 554 3359 Forma
575 3301 726 3364 materiale
746 3301 827 3364 velut
841 3303 1067 3365 instrumentum
1081 3308 1138 3375 est,
1151 3300 1240 3379 quod,
1255 3306 1289 3360 ut
1307 3298 1339 3360 in
1353 3298 1477 3370 bouum,

304 3393 348 3455 sic
368 3394 457 3456 etiam
472 3395 501 3456 in
516 3396 627 3458 malum
643 3400 772 3476 torqueri
787 3408 891 3478 potest,
907 3401 934 3463 vi
949 3409 1001 3464 aut
1016 3400 1119 3462 saltem
1134 3399 1256 3486 astralia
1272 3394 1356 3460 Unde
1370 3409 1477 3474 quem-

306 3493 464 3556 admodum
493 3509 600 3571 pravus
630 3496 764 3573 princeps
787 3499 817 3559 in
839 3499 990 3576 despotam
1019 3499 1187 3576 degenerat,
1208 3497 1235 3558 si
1264 3494 1312 3557 nil*
1332 3493 1390 3555 sibi
1419 3506 1477 3555 non

306 3597 423 3669 arroget
436 3596 466 3652 ct
486 3589 600 3654 licitum
615 3607 682 3654 oum
704 3594 788 3655 libito
803 3596 980 3678 confundens
994 3612 1049 3657 non
1070 3596 1153 3656 iuxta
1175 3593 1361 3656 conditarum
1375 3590 1477 3669 legum

307 3689 489 3767 sapientiam,
504 3690 553 3752 sed
575 3691 656 3752 iuxta
671 3691 787 3753 arbitrii
809 3695 1004 3756 temeritatem
1019 3692 1234 3772 gubernendo
1256 3686 1386 3768 regimen
1410 3686 1478 3765 plu·

309 3786 395 3859 rium,
410 3795 569 3864 utcumque
585 3790 705 3850 statutis
721 3788 842 3866 scriptis
857 3798 1062 3869 temperatum,
1076 3791 1105 3852 in
1120 3788 1275 3851 factiosam
1291 3784 1478 3864 tyrannidem

309 3882 444 3945 facillime
468 3886 656 3959 convertitur,
678 3887 733 3947 nisi
762 3887 793 3960 ii,
814 3889 864 3967 qui
886 3888 1001 3966 legibus
1030 3886 1190 3950 condendis
1208 3871 1480 3961 anteisdqdcndis

312 3979 487 4054 praesident,
500 3998 605 4062 magna
624 3986 769 4062 probitate
790 3987 850 4050 sint
872 3988 1005 4064 praediti.
1021 3983 1060 4050 Ut
1081 3985 1159 4048 enim
1178 3983 1361 4061 experientia
1383 3981 1480 4056 docet,

314 4073 385 4135 nihil
405 4078 519 4140 facilius
539 4090 583 4144 est
604 4084 742 4161 pravitati
766 4084 1003 4164 gubernantium,
1017 4099 1108 4163 quam
1128 4081 1364 4161 sophismatibus
1383 4079 1483 4141 dieta·

312 4170 392 4232 mina
420 4175 540 4238 rationis
565 4178 691 4259 eludere,
714 4181 813 4260 populi
837 4182 1001 4260 opinionem
1030 4188 1205 4260 pervertere,
1228 4180 1319 4242 bonos
1342 4165 1361 4239 a
1382 4169 1483 4268 reipu-
