3159 4934
418 347 503 414 curun
521 371 546 413 u.
566 372 600 415 nn
618 371 759 414 socrnrnrn
777 371 855 414 curru
1165 359 1220 419 255

80 482 198 548 Omnis
216 497 299 548 error
319 484 376 546 hoc
397 481 461 547 inco
477 483 545 547 inde
565 483 669 560 oriem,
683 486 764 564 quod
782 487 929 549 naturalis
950 503 1048 550 rerum
1069 504 1176 551 cursus
1190 495 1221 551 et

45 582 180 648 evolutio
200 597 257 645 non
277 565 463 655 atteltdatnr3
484 598 537 645 nec
556 583 683 646 societas
704 591 737 647 ut
759 600 859 659 uuum,
879 603 914 648 ex
935 586 1047 664 duplici
1068 585 1220 661 elemento,

47 681 241 746 multitudine
261 680 400 743 nimirum
421 687 452 744 et
472 681 657 755 auctoritate,
673 691 861 760 compactum
876 685 1089 759 consideretur3
1105 685 1158 748 sed
1173 700 1220 747 so-

46 781 159 846 cietate
175 780 209 842 ui
231 779 337 842 mentis
356 778 500 848 dissoluta
522 795 557 842 ac
579 779 641 842 solo
656 779 801 843 materiali
822 780 975 855 elemento,
989 783 1128 846 nimirum
1143 782 1220 845 mul·

48 877 190 951 titudine,
205 876 317 954 relicto,
329 893 365 940 ex
378 876 443 940 eius
458 877 620 941 visceribus
633 877 809 941 elementum
823 878 955 954 lormale,
966 880 1104 943 nimirum
1119 889 1221 944 aucto·

52 978 129 1039 ritas
149 975 211 1038 erui
232 973 312 1038 velit.
327 972 409 1049 Quae
423 975 581 1038 methodus
594 974 751 1055 imaginem
773 975 901 1055 praelert
916 977 1093 1057 physiologi,
1107 979 1169 1058 qui,
1182 980 1221 1042 ad

52 1071 137 1137 vitae
156 1071 332 1152 principium
348 1071 525 1146 rimandum,
539 1073 639 1136 virum
654 1073 785 1136 animal
776 1091 807 1136 rn
822 1075 915 1151 frusta
930 1075 1118 1154 discerperet
1132 1086 1222 1155 atque

51 1171 181 1236 deinde'
173 1188 203 1234 tn
219 1170 359 1234 materiae
374 1171 488 1233 virihus
502 1170 565 1234 sive
580 1170 750 1250 physicis
727 1187 789 1234 stre
804 1171 941 1276 chimicis
953 1172 1042 1235 vitale
1055 1172 1127 1235 illud
1142 1176 1222 1253 prin·

54 1269 166 1348 cipiunt
188 1270 382 1348 conquireret.
837 1297 841 1310 ·

98 1361 193 1431 Odiis.
209 1365 259 1432 lll
274 1366 373 1431 Etiam
387 1367 518 1431 admissa
539 1367 666 1431 naturali
687 1367 800 1447 origine
821 1368 970 1431 societatis
989 1367 1085 1431 civilis
1098 1381 1116 1430 e
1129 1367 1222 1430 socie·

52 1472 116 1529 tate
129 1464 302 1539 domestica,
315 1472 446 1544 potestas
461 1464 579 1545 politica
594 1466 749 1544 repetenda
760 1474 808 1528 est
821 1481 857 1530 ex
869 1482 1012 1530 consensu
1027 1465 1221 1545 singulorum.

55 1561 135 1628 Nam
156 1578 248 1626 novae
265 1563 402 1642 lamiliae,
416 1580 492 1642 quae
506 1564 749 1642 multiplicantur,
764 1572 895 1642 possent,
909 1565 935 1625 si
950 1563 1067 1637 vellent,
1081 1565 1172 1636 abire,
1186 1579 1222 1655 ac
1261 1561 1265 1569 '
1309 1596 1311 1601 ·

55 1677 191 1724 seorsum
212 1662 340 1724 nativam
363 1677 481 1726 serrare
501 1661 762 1739 independentiam.
777 1660 924 1740 Si'igitur
944 1664 974 1724 in
995 1662 1134 1726 societate
1153 1677 1220 1724 cum

53 1759 151 1838 primo
173 1761 270 1838 patret
255 1758 383 1822 familias
403 1768 455 1822 aut
476 1759 592 1822 domino
610 1768 795 1838 penmanent,
809 1763 839 1822 in
861 1766 975 1823 tantum
998 1768 1176 1838 permanent,
1191 1760 1222 1821 in

51 1862 198 1935 quantum
220 1856 337 1930 volunt3
356 1872 392 1920 oc
415 1857 535 1936 proinde
549 1856 656 1936 quod
648 1858 705 1936 ipsi
728 1858 934 1931 subiiciuntur,
948 1873 985 1919 ex
998 1873 1100 1922 eorum
1119 1857 1223 1922 rolon-

51 1963 115 2018 tate
136 1955 277 2033 procedit.

95 2051 133 2116 R.
151 2051 242 2132 Nego
262 2055 467 2133 assumptum.
483 2053 531 2117 Ad
553 2054 666 2131 prohat.
682 2071 762 2116 conc.
785 2056 852 2116 aot
874 2060 904 2115 et
924 2071 1003 2133 ocgo
1023 2070 1222 2133 consequens.

93 2151 185 2214 Aliud
205 2159 250 2214 est
270 2168 288 2214 a
309 2151 400 2214 lihera
416 2152 566 2214 voluntate
581 2151 706 2229 pendere
726 2147 921 2215 conditionem
936 2151 1063 2214 alicuius
1078 2153 1129 2225 rei,
1143 2152 1221 2214 aliud

51 2258 101 2313 est
122 2250 247 2328 pendere
267 2264 329 2312 rem
351 2249 456 2328 ipsam.
479 2246 520 2312 Ut
540 2249 752 2328 paterlamilias
773 2249 881 2311 eradat
903 2250 1047 2328 princeps,
1062 2251 1223 2328 requiritur

56 2349 161 2426 ntique
182 2348 379 2425 permanentia
394 2346 513 2411 socialis
534 2347 661 2409 tiliorum
682 2355 713 2409 et
732 2355 871 2424 nepotum
886 2356 916 2410 et
930 2347 1118 2420 famulorum,
1132 2362 1223 2409 noras

56 2444 187 2508 familias
208 2444 462 2519 constituentium3
476 2452 564 2535 atque
585 2446 658 2508 haec
674 2446 871 2524 permanentia
892 2446 931 2508 ah
951 2461 1052 2509 eorum
1073 2444 1223 2507 voluntate

59 2544 174 2623 pendet.
190 2541 247 2606 Sed
261 2543 329 2605 inde
342 2542 443 2605 inferri
457 2539 558 2622 nequit
570 2545 667 2622 ipsum
681 2543 728 2606 ius
744 2543 867 2620 ponendi
890 2543 1021 2607 ordinem
1035 2542 1065 2605 in
1080 2540 1222 2605 eiusmodi

51 2641 252 2716 multitudine,
263 2642 340 2720 quod
352 2649 432 2704 certe
442 2635 479 2704 a'd
492 2642 618 2718 primum
632 2633 873 2719 patremfamilias
884 2647 914 2704 et
926 2639 1075 2703 dominum
1087 2638 1223 2717 pertinet,

50 2757 211 2806 excomm
221 2740 384 2830 voluntate
406 2739 569 2818 procedere.
592 2737 623 2801 Si
644 2739 686 2802 ita
707 2745 796 2812 esset,
810 2739 900 2801 etiam
922 2744 1055 2816 potestas
1077 2735 1223 2799 maritalis

52 2841 85 2904 in
108 2841 171 2903 viro
191 2840 361 2942 procederet
381 2855 418 2901 ex
438 2838 528 2902 libero
551 2838 700 2901 voluntate
721 2839 839 2912 uxoris3
861 2838 932 2916 quia
951 2853 1025 2900 uxor
1045 2836 1083 2898 ad
1104 2836 1224 2914 nuptias

50 2939 196 3003 ineundas
218 2933 262 3002 sic
275 2935 431 3012 consentit,
452 2947 485 3001 ut
501 2939 628 3015 potuerit
648 2952 704 3000 non
726 2937 901 3010 consentire,
921 2943 950 2998 et
972 2935 1099 2997 nativam
1124 2934 1223 3013 potins

54 3037 152 3102 colere
167 3037 374 3116 virginitatem
389 3035 520 3115 Itemque
541 3036 703 3099 auctoritas
717 3034 828 3097 domini
848 3041 999 3097 crearetur
1013 3050 1029 3095 a
1044 3048 1139 3108 servo,
1153 3033 1223 3111 quia

55 3151 161 3199 servus
183 3142 280 3212 potest
293 3135 332 3196 ah
345 3148 379 3197 eo
394 3133 557 3207 discedere,
580 3141 632 3196 aut
652 3133 741 3196 etiarn
763 3133 927 3197 auctoritas
949 3132 1084 3211 magistri
1111 3130 1224 3194 tribue-

57 3243 142 3297 retur
162 3249 179 3295 a
201 3232 355 3332 discipulo,
369 3232 439 3310 quia
454 3231 618 3310 discipulus
633 3239 729 3310 potest
742 3229 928 3308 disciplinam
943 3231 1071 3292 abnuere
1085 3236 1117 3292 et
1130 3228 1223 3290 scien·

53 3331 115 3392 tiae
136 3321 342 3409 ignorantiam
353 3337 536 3407 anteponere

98 3425 193 3491 Obiic
215 3425 267 3492 tv.
290 3425 347 3491 Hic
368 3427 467 3506 agitur
488 3427 524 3490 de
544 3427 656 3506 origin
676 3442 732 3492 non
753 3428 898 3491 historica
919 3427 971 3489 sed
997 3425 1122 3488 iuridica
1143 3430 1225 3502 pote·

54 3528 154 3592 statis.
169 3525 302 3591 lamvero
323 3528 387 3590 eius
407 3534 491 3590 ortus
505 3540 522 3587 a
536 3526 756 3606 praevalentia
748 3527 824 3589 ruris
843 3524 1082 3603 praeexsistentis
1097 3522 1225 3600 explicat

54 3627 238 3690 dumtaxat
219 3625 327 3718 ipsius
347 3625 487 3703 originem
510 3625 699 3699 historicam3
721 3624 812 3686 atad
833 3622 989 3686 inridicam
1019 3636 1135 3698 semper
1156 3605 1226 3681 con'·

53 3740 163 3787 sensus
184 3709 291 3811 sal'teug
308 3721 470 3800 imphcitus
492 3722 723 3800 praesumendus
744 3730 801 3784 est

24 3844 28 3855 ·
97 3820 135 3885 R.
157 3820 247 3902 Nego
267 3821 424 3885 minoren.
447 3817 524 3883 Nam
544 3818 593 3883 ille
613 3829 696 3883 ortus
718 3819 878 3898 explicat
871 3834 966 3896 rpsam
987 3816 1128 3894 originem
1152 3815 1226 3878 iuri·

52 3911 153 3984 dicam
181 3918 346 3998 potestatis,
373 3917 518 3997 siquidem
541 3918 670 3994 explicat
693 3916 835 3996 originem
861 3916 935 3977 iuris
960 3932 977 3976 a
1002 3914 1075 3976 iure.
1099 3911 1165 3990 Vel,
1192 3926 1225 3975 ut

58 4018 168 4082 melius
190 4019 295 4093 dicam,
309 4016 438 4095 explicat
459 4017 613 4125 pomatatis
632 4016 773 4095 originem
795 4011 1123 4077 henrico-tattonem
1138 4021 1225 4090 prout

54 4116 166 4182 accidit
181 4116 218 4179 de
238 4117 374 4180 omnibus
395 4115 518 4187 iuribus
532 4125 609 4192 qnae
630 4121 708 4177 certe
728 4113 758 4174 in
779 4119 918 4175 concreto
931 4117 1096 4173 naseuntur
1109 4125 1225 4189 semper

53 4232 92 4280 ex
114 4216 192 4279 iacto
215 4215 324 4293 aliquo,
348 4214 411 4278 iure
440 4213 604 4276 informato.
627 4210 712 4275 Certe
740 4210 805 4287 ipse
832 4216 918 4272 ortus
938 4209 1013 4272 iuris
1041 4224 1059 4270 a
1087 4208 1159 4283 iure,
1179 4217 1226 4271 est

53 4317 184 4390 iactum3
205 4321 234 4378 et
256 4313 313 4378 suh
328 4314 384 4376 hoo
397 4317 533 4390 respectu
548 4310 608 4373 dici
623 4315 720 4388 potest
734 4307 912 4384 historicus3
928 4308 979 4371 sed
998 4309 1056 4371 hoc
1077 4322 1133 4369 non
1147 4305 1225 4370 tollit
