3159 4934
269 277 354 322 caput
374 281 401 323 tt.
420 281 455 324 ΒΕ
471 282 637 328 orantrtonn
655 286 765 329 numana
783 287 868 330 nudor
886 285 1038 329 ORDlNATUR
1055 285 1083 327 td
1101 283 1180 327 FINEM
1274 270 1311 327 53

182 386 306 465 Quarto,
326 392 527 458 voluntarium
542 397 684 461 dividitur
698 400 727 461 in
742 397 877 461 elicitum
891 398 936 462 vel
956 399 1150 477 imperatum.
1166 393 1312 462 Volunta-

140 483 218 548 rium
239 487 373 552 elicitum
394 499 440 554 est
460 493 525 571 ipse
546 502 632 558 actus
662 495 829 569 voluntatis,
857 504 889 558 ut
916 510 1008 568 amor,
1028 494 1128 558 odium
1153 502 1182 557 et
1202 503 1308 556 cetera.

140 579 351 648 Voluntarium
369 589 546 668 imperatum
567 599 614 654 ost
634 599 719 654 actus
741 592 921 671 reliquarum
936 590 1110 655 facultatum
1131 593 1181 670 qui
1202 595 1255 654 liat
1272 608 1310 654 ex

140 680 300 746 voluntatis
321 688 453 764 imperio,
475 696 508 750 ut
528 689 733 772 deambulatio,
755 691 906 763 comestio,
927 696 1015 768 atque
1036 690 1084 752 his
1107 689 1223 752 similia.

180 775 229 840 dt.
251 778 330 860 Quid
353 779 590 852 involuntarium
611 789 642 852 ol
664 783 744 852 unde
766 783 872 852 oritur.
896 785 1126 850 involuntarium
1148 793 1194 848 est
1218 801 1309 864 oppo

134 875 229 938 situm
251 879 419 943 voluntarii.
434 879 567 946 Iamrcro
581 884 618 946 ad
634 882 831 949 voluntarium
852 883 1085 947 constituendum
1107 883 1165 946 dno
1184 881 1308 946 concur·

138 981 223 1036 runt:
247 977 546 1072 cognQntisct
567 981 695 1044 influxus
716 981 884 1070 voluntatis.
898 979 945 1044 lla
965 981 1094 1044 carentia
1115 981 1206 1058 igitur
1219 981 1307 1044 unius

138 1071 185 1134 rel
200 1072 321 1136 alterius
337 1077 565 1141 involuntarium
580 1063 823 1158 gigiiit'u'rTPorFo'
837 1079 963 1158 cognitio
974 1079 1074 1143 deesse
1086 1086 1181 1158 potest
1194 1080 1306 1141 ratione

136 1171 335 1248 ignorantiae,
349 1189 425 1252 quac
441 1175 547 1253 triplex
564 1175 706 1256 distingui
729 1176 820 1240 solet:
841 1173 1033 1253 antecedens,
1054 1175 1262 1238 concomitans
1276 1185 1306 1238 et

133 1285 334 1347 consequens.
356 1269 522 1349 Ignorantia
537 1275 710 1337 antecedens
736 1274 854 1352 dicitnr,
869 1289 946 1352 quae
960 1289 1074 1336 omnem
1089 1280 1189 1336 actum
1204 1273 1305 1336 volun·

138 1366 209 1427 tatis
232 1368 390 1444 praecedit,
410 1376 441 1431 et
462 1377 599 1434 versatur
621 1371 700 1434 circa
721 1371 761 1444 id,
782 1372 861 1450 quod
880 1387 938 1434 non
959 1373 1051 1450 steret,
1073 1371 1099 1433 si
1120 1370 1237 1433 adesset
1257 1385 1305 1434 co

133 1463 238 1540 gnitio.
255 1463 421 1543 Ignorantia
444 1468 646 1532 concomitans
659 1477 714 1546 est,
729 1485 806 1546 quae
821 1470 951 1532 sociatur
971 1483 1039 1532 cum
1054 1476 1121 1532 actu
1138 1468 1304 1545 voluntatis,

136 1560 276 1623 nimirum
292 1579 367 1641 qnae
384 1580 479 1642 pense
493 1581 549 1651 non
564 1573 609 1628 est
635 1566 734 1640 volita,
755 1574 883 1629 attamen
907 1567 1026 1644 respicit
1047 1582 1108 1628 rem
1123 1582 1199 1644 quae
1213 1581 1305 1644 aeque

135 1657 221 1722 fieret
241 1660 357 1722 etiamsi
377 1662 493 1726 adesset
514 1663 650 1742 cognitio.
668 1661 836 1742 Ignorantia
857 1664 980 1744 donique
1000 1679 1180 1740 consequens
1201 1663 1302 1741 appel·
1421 1703 1423 1707 .

134 1753 224 1829 latur,
252 1773 326 1834 quae
353 1759 605 1848 astilit-¹¹29&
619 1761 769 1824 voluntate
788 1762 855 1840 ipsa
880 1762 1039 1840 dependam
1059 1769 1089 1824 et
1108 1761 1251 1824 dividitur
1271 1762 1301 1823 in

133 1849 325 1931 affectatam,
342 1857 367 1918 si
382 1855 492 1921 directe
506 1867 731 1936 procurarunt
752 1860 899 1937 supinum
921 1859 966 1922 vel
986 1877 1135 1934 crassum,
1157 1858 1185 1921 si
1199 1859 1301 1922 volun-

134 1952 209 2014 tarie
231 1953 396 2032 negligatur
416 1951 520 2019 riotitia
542 1957 650 2021 obiecti
663 1965 717 2020 aut
736 1973 838 2021 eorum
855 1973 931 2037 quae
945 1957 1092 2022 hominem
1106 1959 1144 2021 ab
1158 1959 1305 2037 operando

131 2047 323 2114 deterrerent.
581 2053 585 2060 “

174 2147 276 2222 Aliud,
297 2151 377 2228 quod
397 2152 435 2214 ad
460 2159 560 2215 actum
587 2151 783 2217 voluntarium
811 2153 919 2231 requiri
944 2153 1083 2228 diximus,
1106 2161 1151 2217 est
1174 2156 1303 2218 influxus

134 2244 243 2307 interni
264 2249 411 2328 principii,
433 2249 568 2314 videlicet
590 2250 758 2314 voluntatis.
773 2249 877 2325 Quoad
898 2251 1065 2316 huiusmodi
1087 2252 1239 2324 intluxum,
1253 2267 1302 2313 vo

131 2341 231 2405 luntas
252 2347 362 2408 versari
386 2354 480 2424 potest
497 2347 527 2409 in
548 2349 684 2411 oontlictu
701 2348 744 2412 vel
759 2364 826 2411 curn
848 2356 968 2412 externo
982 2356 1086 2428 agente
1098 2349 1178 2426 quod
1194 2349 1302 2411 violen-

136 2441 208 2502 tiam
233 2441 346 2516 interat,
373 2445 417 2506 vel
443 2461 509 2508 oum
534 2445 667 2524 appetitu
695 2445 844 2522 sensitiro,
870 2446 921 2524 qui
946 2447 1040 2524 ipsam
1062 2445 1300 2523 adoperandum

132 2538 264 2615 inclinet,
287 2542 349 2604 sire
371 2543 401 2604 id
422 2545 475 2605 ttat
495 2545 729 2621 eoncupiscentia
756 2544 823 2607 boni
848 2544 910 2607 sive
934 2550 1014 2606 metu
1036 2544 1197 2622 ingruentis
1217 2543 1298 2604 mali.

133 2635 197 2700 lam
214 2653 290 2716 vcro,
311 2641 546 2718 concupiscentia
568 2642 598 2703 in
618 2644 844 2706 antecedentem
864 2650 893 2704 et
914 2643 1147 2720 consequentem
1161 2641 1298 2703 distribui

131 2743 240 2813 potest,
262 2747 348 2815 prout
369 2741 414 2803 rel
438 2741 618 2805 voluntatem
640 2748 804 2804 antevertat
828 2756 950 2819 eamque
971 2740 1108 2803 sollicitet
1129 2740 1299 2814 adactum,

129 2833 177 2894 vel
206 2835 383 2900 voluntatem
413 2847 553 2918 sequatur
576 2829 665 2916 atque
689 2855 725 2902 ex
749 2841 814 2901 eius
835 2837 958 2917 imperio
977 2839 1130 2901 excitetur.
1153 2837 1296 2916 Itemque,

129 2937 229 2994 metus
240 2949 303 2996 esse
318 2942 414 3012 potest
435 2934 511 2999 tacis
524 2944 554 2999 et
571 2936 701 3016 gramm
718 2943 803 3013 prout
816 2944 870 2998 aut
885 2944 969 2998 tenue
985 2935 1093 2998 malum
1108 2944 1139 2998 et
1152 2936 1297 2998 incertum

128 3030 262 3106 respicit,
275 3032 353 3109 quod
375 3034 487 3096 nonnisi
509 3033 587 3097 leves
608 3036 740 3096 homines
761 3049 878 3096 morere
898 3033 987 3106 solet;
1009 3043 1061 3096 ant
1083 3034 1122 3095 sit
1138 3032 1296 3105 eiusmodi,

126 3135 163 3188 ut
176 3128 264 3194 edam
279 3133 308 3192 in
324 3131 419 3193 virum
433 3139 616 3196 constantem
631 3133 728 3206 cadat,
741 3133 912 3210 oriaturqne
926 3147 962 3194 cx
977 3132 1210 3210 apprehensione
1225 3131 1295 3194 mali

125 3228 203 3288 certi
223 3234 254 3290 et
267 3229 374 3308 magni.

554 3421 873 3494 tantumtanturn.
982 3455 987 3465 ·

145 3614 219 3697 543.
234 3616 407 3684 Prorosrrro
421 3619 461 3684 t‘.
475 3618 585 3702 Nepae
595 3621 776 3703 ipnorontc'o
789 3639 986 3705 consequens,
1000 3641 1098 3702 neone
1112 3620 1295 3702 ignorantia

125 3717 338 3780 concomitans
355 3719 461 3799 ptpnit
474 3719 731 3783 involuntarium.

167 3810 254 3877 Proh.
275 3814 319 3878 lle
339 3817 502 3894 ignorantia
523 3827 726 3896 consequente,
748 3835 796 3882 res
816 3819 896 3883 clara
922 3826 977 3883 est.
1003 3817 1079 3881 Nam
1106 3834 1123 3879 a
1145 3817 1295 3880 voluntate

128 3913 271 3989 procedit,
285 3913 315 3975 in
329 3929 421 3992 eaque
435 3930 556 3976 causam
576 3918 717 3994 agnoscit.
733 3915 876 3995 Quisquis
890 3917 989 3979 autem
1004 3917 1066 3980 vult
1081 3931 1214 3990 causam,
1229 3917 1295 3980 vult

120 4011 215 4075 ctiam
236 4013 373 4074 effectum
394 4013 444 4090 qui
466 4030 502 4076 ex
522 4013 572 4075 illa
594 4022 775 4093 sequuturus
798 4016 993 4093 praevidetur.

167 4106 211 4172 De
231 4110 396 4188 ignorantia
417 4126 485 4174 vero
507 4112 729 4187 concomitante,
751 4128 797 4174 res
817 4113 903 4176 facile
925 4114 1125 4200 persuadetur.
1141 4111 1293 4177 Perillam

121 4205 204 4270 enim
219 4205 307 4271 homo
322 4209 366 4271 sio
380 4208 560 4287 dispositum
576 4215 618 4288 ut,
632 4208 749 4273 etiamsi
762 4209 870 4274 obiecti
884 4211 1037 4276 seientiam
1052 4214 1183 4291 haberet,
1196 4221 1295 4276 tamen
