3159 4934
291 222 346 280 250
613 237 654 279 rus
672 237 798 280 nomene
815 255 825 265 -
844 237 911 280 rans
930 237 955 280 ιι.
970 238 1013 280 rus
1030 236 1138 280 socraue

332 348 453 430 Quarto,
473 351 551 430 quod
580 349 753 414 incredibile
781 350 907 426 videtur,
931 366 998 414 curu
1027 352 1086 414 hac
1112 351 1252 415 anarchia
1280 349 1457 414 tirannidem

292 452 409 514 omnino
429 449 641 513 intolerandam
662 449 773 528 iungit;
797 449 943 528 siquidem
962 450 1083 528 populo,
1097 465 1170 528 vage
1190 449 1381 527 acceptoius
1402 448 1462 510 im·

293 547 413 627 perandi
434 547 496 610 sine
516 547 611 610 limite
632 547 754 622 tribuit3
774 547 817 609 ita
838 555 872 610 ut
891 546 1178 627 ipsam—religionem
1197 547 1235 609 ad
1256 553 1377 626 captum
1395 543 1463 608 dci·

292 650 414 710 stom
433 645 656 720 conlormetaro,
674 661 751 725 quae
778 647 873 710 solem
894 643 949 710 Dei
975 645 1182 708 exsistentiam
1208 645 1322 719 doceat,
1342 643 1459 706 civibus

291 746 434 823 imponat,
454 744 510 806 sub
531 759 623 822 poena
644 745 751 822 cupitis
770 752 823 808 aut
844 744 949 807 saitem
969 744 1061 807 exilii.

332 837 381 905 56.
396 837 632 906 Peorosrr102¹.
652 837 764 905 Oioiic's
782 844 933 921 potestas,
941 860 1002 922 per
1021 860 1056 905 ae
1069 844 1221 922 sportolo,
1237 859 1259 903 o
1271 837 1339 904 Deo
1354 839 1460 902 imnac-

292 939 377 1004 mare
395 936 543 1019 procedit.

248 1049 262 1146 p
334 1036 422 1102 Proh.
438 1035 688 1120 Civilissocietas,
697 1053 787 1116 quam
802 1038 914 1102 laomini
929 1037 1093 1102 naturalem
1107 1053 1175 1102 esec
1185 1037 1388 1116 probavimus,
1399 1036 1463 1098 sine

295 1152 436 1216 supreme
449 1143 604 1216 potestate,
619 1152 655 1198 no
676 1143 772 1212 moute
783 1137 906 1218 quidem
920 1136 1034 1216 concipi
1056 1143 1162 1215 potest.
1177 1133 1380 1220 Nequitepim
1394 1148 1464 1196 con-

296 1235 355 1314 cipi
377 1241 472 1297 totum
486 1233 614 1313 aliquod,
629 1235 700 1312 quin
715 1233 806 1296 simul
819 1233 1022 1312 concipiantur
1035 1242 1135 1312 partes
1145 1247 1223 1312 quae
1235 1232 1274 1295 ad
1287 1231 1351 1294 eius
1365 1246 1463 1294 essen-

297 1333 368 1396 tiam
380 1331 614 1395 constituendam
628 1339 815 1395 ooncurrunt.
827 1317 1000 1421 Auctffltas
1011 1339 1121 1406 autem,
1132 1340 1165 1393 ut
1176 1330 1326 1410 superiore
1339 1329 1465 1393 articulo

296 1430 489 1504 ostendimus,
511 1446 580 1508 pars
601 1430 765 1493 essentialis
784 1431 1009 1494 consocietatis
1089 1417 1092 1423 ’

233 1531 280 1644 eL
336 1527 400 1593 Hoc
421 1536 627 1607 argumentum
655 1527 722 1590 inde
742 1530 832 1590 etiam
861 1529 951 1592 robor
975 1528 1093 1607 accipit,
1120 1526 1200 1606 quod
1220 1526 1384 1589 auctoritas
1408 1539 1462 1588 non
1545 1558 1546 1561 =

298 1635 457 1705 utcumque
479 1641 547 1703 pars
567 1633 613 1688 est
632 1626 791 1699 societatis,
813 1626 864 1688 sed
878 1634 1014 1715 estpars¹
1030 1625 1177 1714 lormaiis3
1196 1640 1265 1688 cum
1334 1622 1462 1702 ncipium

298 1726 338 1787 sit
358 1725 561 1804 unitatisque
584 1723 742 1787 multitudo
757 1739 813 1786 non
835 1725 986 1786 conlusnm
996 1707 1184 1802 congeriem,
1198 1722 1252 1785 sed
1273 1738 1381 1799 corpus
1400 1736 1465 1783 mo·

299 1822 360 1886 rale
379 1821 547 1886 ordinatum
562 1822 702 1884 efformet
719 1818 817 1896 Quare
837 1821 915 1883 sicut
929 1829 1076 1900 repugnat
1088 1821 1168 1899 quod
1182 1835 1291 1899 corpus
1305 1820 1463 1902 playsioum

298 1919 423 1982 exsistat
443 1918 504 1980 sine
528 1919 631 1993 forma,
651 1933 756 1996 nempe
777 1913 1125 1997 siueprlnclplo·a·”duo
1142 1916 1287 1982 ¹a'ciume
1321 1933 1369 1980 um
1427 1930 1458 1976 m
1546 2000 1547 2003 Ἴ

299 2015 434 2094 recipiar
458 2016 502 2078 sic
522 2016 704 2094 impossibile
718 2027 763 2080 est
784 2025 818 2079 ut
837 2016 925 2080 detur
946 2033 1013 2080 rere
1033 2031 1142 2094 corpus
1162 2015 1283 2090 morale,
1302 2027 1458 2092 nempeso-

300 2115 402 2187 cletas,
424 2114 485 2176 sine
507 2115 780 2193 auctoritateque
801 2115 925 2193 imperio
945 2131 1000 2177 suo
1019 2113 1236 2176 multitudinem
1259 2113 1342 2192 liget,
1358 2109 1464 2172 aesin-

300 2216 437 2295 guiorum
459 2216 642 2294 operationes
657 2217 765 2295 diriget
778 2217 816 2279 ad
837 2231 961 2280 comune
981 2218 1098 2295 bonnm,
1119 2216 1176 2278 sub
1197 2215 1296 2277 stabili
1316 2228 1425 2277 norum.

263 2327 265 2333 ·
341 2311 444 2391 Neque
464 2315 520 2377 lroe
542 2307 705 2378 ullomodo
725 2316 833 2393 pendet
853 2331 870 2376 a
892 2314 1041 2378 voluntate
1054 2314 1208 2391 sociorum,
1222 2314 1275 2393 qui
1289 2327 1470 2392 congregan-

301 2423 364 2488 tur;
380 2415 429 2493 qui
446 2421 524 2477 certe
541 2414 696 2477 decernere
711 2422 857 2493 nequeunt
871 2423 905 2476 ut
918 2415 1044 2478 societas
1058 2429 1128 2476 vera
1141 2420 1313 2491 consurgat,
1326 2419 1357 2476 et
1372 2418 1466 2473 tamen

302 2512 413 2576 nullum
435 2512 476 2574 sit
496 2513 525 2574 in
547 2528 581 2576 ea
602 2512 650 2574 ius
670 2512 843 2590 imperandi.
866 2510 923 2576 Sed
944 2511 1160 2592 ipseiusmodi
1181 2511 1344 2573 innascitur
1365 2514 1467 2586 spmte

302 2626 355 2672 sua
376 2626 412 2671 ex
433 2617 537 2672 nature
559 2611 621 2689 ipse
644 2610 805 2684 societatis,
825 2625 900 2688 quae
914 2610 1067 2684 conditur;
1087 2608 1233 2688 siquidem
1254 2609 1363 2686 cuique
1382 2606 1428 2669 rei
1440 2605 1467 2667 vi

303 2715 424 2770 naturae
445 2706 521 2770 inest
541 2708 581 2782 id,
602 2708 680 2785 quod
707 2706 751 2770 vel
773 2708 894 2787 adeius
917 2706 1154 2792 constitutionem
1170 2705 1312 2784 ‚pertinet
1337 2704 1469 2796 velpuo
1548 2788 1549 2799 ἶ

304 2805 413 2883 prietas
434 2812 478 2867 est
499 2806 662 2868 essentialis
683 2807 805 2868 adeius
825 2807 912 2867 finem
933 2812 963 2868 et
983 2807 1233 2868 conservationem
1254 2803 1409 2882 requisita.
1429 2801 1469 2866 nt

304 2918 372 2964 vero
395 2903 537 2981 quidquid
559 2919 576 2965 a
598 2913 702 2966 natura
730 2904 873 2983 procedit,
899 2903 1127 2981 independenter
1154 2918 1172 2964 a
1198 2897 1296 2965 causis
1323 2901 1470 2992 secundis,

303 2999 506 3064 immediatum
527 3010 676 3065 auctorem
697 3002 788 3065 habet
808 3000 914 3079 Deum
935 3018 953 3063 a
972 3017 1032 3080 quo
1053 3008 1157 3063 natura
1179 2988 1402 3064 rei'ouiusliiret
1422 3000 1471 3062 de·

184 3138 186 3142 -
304 3097 488 3161 terminatur.
509 3097 590 3176 Ergo
603 3115 670 3162 cum
685 3100 717 3163 id
737 3100 774 3162 de
795 3099 981 3176 auctoritate,
995 3098 1026 3161 in
1040 3114 1073 3162 se
1093 3099 1235 3180 inspecta,
1257 3097 1423 3178 contingat;
1438 3113 1471 3161 ea

304 3195 474 3260 immediate
494 3212 511 3258 u
534 3193 594 3259 [leo
614 3197 771 3275 procedere
791 3197 913 3261 dicenda
934 3205 990 3260 est

249 3269 285 3375 Δ
345 3287 508 3374 Praeterea,
529 3291 616 3378 Deus
630 3294 838 3380 ‚legera-turae
858 3295 989 3376 ordinem
1004 3295 1116 3380 servari
1129 3295 1220 3358 iubet
1236 3293 1330 3373 Atqui
1349 3294 1425 3358 ordo
1444 3296 1473 3358 in

306 3393 494 3457 multitudiue
508 3393 571 3455 sine
584 3408 722 3471 suprema
737 3394 913 3466 auctoritate
925 3387 1085 3457 consistere
1100 3391 1136 3456 et‘
1143 3381 1258 3471 concipi
1274 3391 1389 3471 nequit;
1405 3407 1473 3456 nam

306 3491 465 3556 multitudo
480 3507 531 3570 per
552 3507 584 3554 se
604 3490 718 3553 nonnisi
741 3491 858 3554 turbam
878 3498 909 3554 et
929 3490 1159 3568 discrepantiam
1178 3490 1357 3554 iudiciorum
1378 3495 1411 3552 et
1425 3504 1475 3553 vo-

306 3591 452 3654 luntatum
473 3598 505 3653 et
529 3596 739 3668 cousequenter
765 3591 968 3667 operationum
990 3590 1127 3667 praeiert
1146 3585 1226 3667 Ergo
1254 3585 1335 3651 Deus
1354 3587 1475 3650 iustitu-

307 3689 413 3753 tionem
435 3703 589 3767 supremae
609 3687 762 3751 ouiusdam
784 3687 981 3766 auctoritatis,
1000 3687 1040 3749 ad
1065 3702 1154 3765 qoam
1176 3684 1321 3765 pertineat
1341 3684 1475 3748 ordinem

306 3786 487 3848 multitudini
507 3785 665 3864 imponere,
686 3785 716 3848 vi
735 3785 811 3863 legis
824 3792 947 3848 naturae
969 3784 1121 3862 praecipit.
1143 3783 1186 3846 At
1206 3798 1276 3847 vero
1296 3782 1474 3862 quidquido

307 3879 368 3946 Deo
388 3900 440 3962 per
459 3885 552 3963 legem
573 3890 695 3946 naturae
712 3877 902 3962 praecipitur,
922 3881 1094 3944 immediate
1114 3897 1132 3944 a
1155 3879 1216 3945 ileo
1242 3871 1475 3959 e'st'ssiquidem

308 3981 430 4043 rationis
451 3982 607 4057 dictamen,
627 3981 705 4061 qnod
727 3979 892 4057 intercedit,
914 3995 970 4042 uon
992 3995 1024 4042 se
1044 3980 1136 4042 habet
1157 3987 1190 4040 ut
1211 3994 1313 4057 causa,
1329 3978 1383 4040 sed
1396 3992 1477 4041 mere

308 4085 343 4139 nt
362 4093 523 4156 proponens
543 4087 573 4143 et
593 4081 721 4143 reterens
740 4078 871 4157 supremi
885 4077 1063 4156 legislatoris
1082 4076 1311 4156 praescriptum.
1326 4073 1409 4154 Ergo
1430 4091 1478 4138 su·

310 4189 410 4254 prema
433 4183 572 4251 potestas,
593 4183 694 4256 utpote
714 4193 790 4256 quae
811 4177 848 4239 ad
869 4175 987 4240 civilem
1008 4175 1179 4240 societatem
1200 4173 1368 4238 habendam
1382 4190 1402 4237 a
1416 4171 1478 4239 Deo

310 4255 538 4353 praeripieris
559 4272 621 4337 lieo
641 4275 811 4338 immediate
831 4273 972 4353 procedit
