3159 4934
442 277 527 320 carun
542 278 568 322 u.
587 279 621 320 ne
636 279 742 322 ornrcns
760 279 867 322 neutros
883 279 954 323 mox
973 281 1045 324 naun
1270 272 1322 330 tat

583 503 903 572 PROPOSITIONES.

191 683 240 748 35.
256 683 433 748 Phorosrrro
449 682 489 746 1⁸.
512 679 578 747 Deo
591 682 711 747 dentem
725 687 773 748 est
786 685 855 747 iore
868 688 1002 748 humane
1023 686 1128 750 cattos
1148 705 1212 752 non
1232 687 1322 754 modo

147 784 307 859 inmane,
329 799 435 846 oerum
450 781 712 846 ettameetemao.

192 880 278 945 Prob.
293 875 424 944 Naturae
438 882 486 944 lex
505 897 560 944 uon
576 881 692 960 spiritui
715 881 843 961 cuidam,
857 897 978 961 corpore
1002 883 1125 961 experti,
1141 883 1193 947 setl
1207 885 1319 948 homini

148 979 294 1058 praecipit
306 986 338 1043 ut
353 980 415 1042 suis
428 980 545 1043 notibus
559 979 690 1043 debitum
703 978 764 1043 Deo
775 988 906 1058 praestet
919 980 1102 1058 obsequium.
1113 979 1210 1045 Homo
1220 989 1319 1047 autem

146 1077 250 1138 animo
268 1084 298 1139 et
320 1091 441 1155 corpore
462 1085 588 1151 constat,
607 1085 638 1140 et
659 1078 815 1156 utriusque
832 1078 862 1140 in
876 1077 1024 1156 operando
1038 1078 1133 1141 utitor
1147 1080 1318 1144 ministerio.

147 1171 184 1236 Si
198 1173 288 1251 igitur
301 1173 441 1236 humanis
457 1175 677 1252 operationibus
692 1173 787 1238 llenm
804 1175 898 1238 colere
909 1186 938 1238 et
950 1177 1083 1238 venerari
1093 1177 1182 1240 bomo
1195 1184 1319 1253 tenetur,

147 1272 279 1350 proiecto
294 1271 411 1336 actibus
427 1271 549 1336 internis
562 1281 699 1338 externos
714 1274 803 1336 etiam
818 1272 978 1352 adiungere
1003 1274 1100 1349 debet,
1121 1285 1154 1337 ut
1168 1277 1222 1350 sic,
1238 1284 1319 1339 totns

144 1379 334 1458 quantusque
360 1381 416 1446 est,
437 1369 500 1436 Deo
526 1372 642 1434 laudem
664 1377 693 1434 et
719 1371 932 1434 venerationem
952 1372 1100 1436 exhibeat.
1125 1373 1226 1452 Atque
1246 1374 1320 1437 haee

145 1469 296 1532 interioris
323 1485 392 1534 eum
417 1471 561 1533 exteriore
588 1469 758 1548 operatione
783 1469 949 1533 coniunctio
978 1470 1051 1535 atleo
1074 1477 1267 1536 consentanea
1288 1479 1319 1534 et

145 1567 312 1630 necessaria
339 1567 450 1630 homini
472 1575 530 1642 est3
561 1575 594 1630 ut
618 1583 694 1643 eam,
723 1568 841 1630 etiamsi
870 1567 950 1642 velit,
976 1577 1102 1648 nequeat
1129 1569 1262 1632 scindere
1282 1585 1318 1632 ac

73 1669 76 1672 ’
145 1666 312 1742 repudiare.
335 1663 448 1730 Invitus
469 1665 546 1728 enim
568 1674 598 1728 et
619 1666 741 1737 inscius,
763 1667 834 1728 dum
856 1666 1011 1730 interiores
1033 1676 1120 1730 actus
1141 1663 1267 1742 exercet,
1287 1669 1317 1728 iu

144 1772 282 1826 externos
302 1764 392 1826 etiam
416 1763 590 1841 prorumpit,
604 1764 657 1843 qui
672 1763 852 1841 operationis
865 1763 996 1827 internae
1010 1765 1070 1828 sint
1084 1764 1174 1827 veluti
1188 1763 1318 1842 comple·

143 1868 278 1940 mentum
293 1869 323 1924 et
333 1862 428 1924 iudex.
443 1859 521 1925 Hinc
535 1869 581 1924 est
596 1869 629 1923 ut
643 1861 754 1924 externi
769 1861 870 1924 cultus
890 1861 1033 1924 exhibitio
1054 1862 1166 1926 tactum
1181 1861 1315 1941 generale

144 1937 472 2024 etresconstantinter
486 1959 635 2022 homines:
646 1958 783 2036 nullaque
795 1959 834 2021 sit
849 1975 920 2038 gens
933 1958 996 2022 sive
1008 1959 1089 2023 culta
1104 1960 1166 2022 sive
1180 1960 1315 2037 barbara,

141 2073 222 2137 qnae
232 2058 388 2121 sensilibus
398 2057 486 2120 etiam
502 2057 594 2136 signis
607 2055 780 2136 obsequium
796 2073 883 2119 sunm
899 2071 969 2135 erga
980 2055 1074 2120 Deum
1090 2075 1146 2121 nou
1160 2059 1315 2136 exprimat

186 2153 352 2230 Praeterea,
368 2157 455 2218 homo
470 2154 616 2234 accepite
631 2151 694 2217 lieo
708 2170 764 2217 non
780 2154 867 2218 modo
881 2156 1021 2229 animum,
1035 2156 1187 2219 sedetiam
1199 2171 1314 2234 corpus.

140 2252 225 2333 Ergo
245 2261 331 2316 actus
352 2253 518 2332 utriusque,
539 2252 628 2317 modo
641 2261 847 2327 consentaneo.
859 2253 999 2317 exhibere
1011 2261 1042 2317 et
1058 2256 1210 2333 utriusque
1224 2254 1315 2316 lacul-

142 2359 223 2415 taces
236 2351 381 2415 subiicere
397 2349 459 2416 Deo
473 2352 570 2425 debet,
586 2359 618 2415 nt
640 2359 734 2414 totum
755 2350 796 2424 id,
817 2367 876 2430 quo
896 2352 1153 2426 constantianae
1168 2351 1316 2430 mancipet

141 2452 289 2515 servituti.
314 2451 360 2516 Ae
386 2452 456 2516 licet
484 2460 568 2515 actus
597 2453 738 2531 corporis,
763 2467 813 2530 per
834 2467 865 2515 se
887 2453 1023 2531 spectati,
1044 2453 1145 2515 reterri
1168 2453 1197 2513 in
1220 2449 1313 2514 Deum

140 2567 202 2615 nnn
227 2551 355 2630 possint;
384 2558 506 2630 possunt
535 2559 630 2613 tamen
658 2552 685 2613 vi
714 2559 834 2613 actuum
860 2550 960 2624 animi,
981 2550 1090 2628 quibus
1110 2550 1313 2613 informantur.

140 2649 243 2724 Quare
263 2649 319 2712 etsi
339 2665 395 2712 uon
417 2650 574 2728 praecipue
594 2656 624 2711 et
642 2648 822 2722 immediate,
845 2647 1016 2712 secundario
1032 2654 1128 2710 umen
1142 2656 1173 2710 et
1187 2647 1314 2711 mediate

139 2748 240 2814 Deum
260 2748 427 2826 respiciunt.
450 2746 640 2810 Potissimum
661 2746 730 2826 quia
752 2748 858 2808 mentis
879 2745 961 2807 ideae
981 2753 1011 2808 et
1031 2745 1200 2822 spirituales
1223 2745 1314 2807 animi

138 2847 324 2926 operationes
338 2861 355 2908 a
370 2845 513 2924 sensibus,
529 2852 680 2925 tamquam
702 2845 739 2907 ab
760 2845 962 2907 instrumentis
976 2854 1005 2906 et
1025 2833 1233 2918 excitamenta¹
1245 2858 1314 2922 pen-

138 2945 227 3018 deut3
247 2952 346 3022 atque,
363 2944 450 3006 etiam
466 2958 534 3006 cnm
548 2942 586 3005 ad
601 2950 701 3005 actum
716 2943 774 3004 iam
798 2942 993 3019 prosiluerint,
1007 2939 1166 3004 sensilibus
1186 2942 1311 3006 obiectis

139 3051 232 3120 atque
252 3042 432 3121 imaginibus
453 3057 639 3120 summopere
657 3042 841 3104 adiuvantur.

181 3138 290 3219 Tertio,
307 3140 448 3219 probatur
470 3142 583 3202 ratione
596 3137 627 3202 S.
643 3137 784 3218 Thomae,
807 3139 850 3202 sic
870 3139 992 3201 aientis:
1009 3160 1027 3196 ‹
1042 3135 1104 3201 Deo
1119 3139 1311 3202 reverentiam
1331 3188 1335 3195 .

138 3247 171 3302 et
192 3237 333 3302 bonorem
358 3237 535 3301 exhibemus
563 3253 618 3300 nou
643 3246 762 3314 propter
784 3238 923 3314 seipsum,
944 3236 1013 3315 quia
1034 3237 1133 3321 seipso
1152 3244 1199 3299 est
1218 3236 1311 3315 gloria

140 3335 256 3416 plenus,
277 3337 326 3400 cui
346 3336 420 3398 nibil
441 3353 457 3398 a
479 3345 615 3400 ereatura
636 3335 724 3399 adiici
746 3344 854 3416 potest,
875 3335 928 3398 sed
950 3346 1068 3413 propter
1088 3351 1158 3398 nos:
1179 3335 1249 3413 quia
1268 3334 1311 3396 vi·

139 3435 248 3498 delicet
269 3451 320 3514 per
341 3437 416 3520 hon„
429 3435 507 3515 quod
523 3433 618 3498 Deum
635 3450 803 3498 reveremur
817 3442 846 3497 et
860 3435 1048 3507 honoramus,
1068 3449 1151 3498 mens
1169 3437 1268 3494 nostra
1283 3430 1309 3492 ei

140 3532 309 3608 subiicitur,
329 3541 360 3596 et
380 3534 410 3597 in
431 3533 488 3596 hoc
509 3533 575 3596 eins
597 3532 735 3611 perfectio
756 3533 899 3624 consistit.
922 3529 1076 3605 Quaelibet
1090 3531 1167 3593 enim
1182 3544 1229 3591 res
1243 3543 1310 3606 pcr-

136 3630 243 3693 fieitur
263 3648 313 3710 per
334 3633 401 3706 hnc,
422 3631 501 3710 quod
530 3631 669 3694 subditur
690 3646 742 3693 suo
767 3630 923 3709 superiori,
944 3629 1022 3693 sicut
1041 3644 1150 3706 corpus
1171 3643 1223 3705 per
1242 3628 1310 3716 hoc,

134 3727 222 3808 quod
242 3729 409 3793 unificatnr
429 3731 467 3792 ab
488 3729 604 3802 anima3
625 3734 655 3790 et
675 3732 725 3790 abr
747 3742 798 3806 per
819 3727 887 3806 hoc,
908 3728 988 3805 quod
1009 3725 1193 3789 illuminatur
1206 3741 1224 3786 a
1238 3723 1308 3786 sole.

133 3825 225 3892 Mens
239 3833 336 3889 autem
352 3829 480 3889 humanu
501 3827 622 3906 indiget,
645 3823 683 3888 ad
703 3827 760 3888 hoe
783 3833 816 3888 nt
830 3826 1025 3902 coniungatur
1039 3823 1111 3895 beo.
1127 3821 1308 3886 sensibilium

132 3924 379 4000 manuductione;
401 3925 471 4004 qnia
486 3924 645 3987 invisibilia
668 3923 723 3986 Dei
750 3920 803 4002 per
823 3939 867 3996 ea,
881 3925 1049 4001 quaefacta
1065 3927 1143 3994 sunt,
1159 3919 1309 3984 intellecta

131 4021 371 4103 conspiciuntur,
392 4030 425 4083 nt
446 4020 607 4099 Apostolus
628 4021 701 4083 dicit
722 4020 765 4083 aa
789 4016 947 4084 Romanos
968 4017 991 4082 l.
1012 4016 1052 4081 Et
1072 4018 1138 4080 ideo
1159 4019 1189 4078 in
1210 4019 1308 4084 divion

128 4119 219 4185 cultu
242 4135 360 4183 necesse
380 4128 425 4183 est
445 4119 593 4199 aliquibus
616 4117 819 4196 corporalibus
839 4118 894 4192 nti,
916 4126 948 4180 ut
961 4117 1015 4196 eis,
1030 4117 1116 4196 qnasi
1135 4117 1228 4198 signis
1242 4118 1308 4196 qui·

124 4217 272 4292 busdam,
301 4233 382 4280 mens
406 4217 534 4281 hominis
562 4215 707 4280 excitetur
736 4215 774 4278 ati
800 4215 972 4294 spirituales
997 4223 1093 4293 actus,
1113 4218 1221 4296 quibus
1241 4213 1304 4279 Deo
