3159 4934
280 330 366 374 curun
384 333 421 376 m.
439 332 474 374 nr
491 333 632 377 soctnrnra
650 331 795 386 nanncnosa,
814 332 926 376 nnntnun
944 332 1066 375 accunsm
1206 316 1259 375 309

83 455 177 519 quam
192 456 343 518 vocamur,
358 446 590 522 supernaturalis
611 455 665 518 est,
680 454 710 509 et
730 445 858 508 divinam
881 445 970 508 habet
985 445 1140 523 origincm3
1154 459 1259 523 quam-

83 554 177 616 quam
197 539 376 605 inclinationi
392 545 481 605 etiam
504 552 625 607 naturae
646 544 823 621 respondeat
843 551 873 606 et
892 542 992 605 altiori
1006 542 1118 605 ratione
1139 543 1260 605 satista-

83 638 146 701 ciat
167 639 274 714 officio,
295 657 354 719 quo
374 643 568 706 essentialiter
589 643 804 722 adstringimur
825 658 894 721 arga
916 640 1012 705 Deum
1028 638 1083 721 (l).
1236 643 1237 647 ’

127 736 212 811 Quod
241 739 341 820 igitur,
362 744 450 805 etiam
483 743 659 830 renotatione
680 743 836 824 praecisa,
862 740 1010 819 impulsus
1043 740 1104 818 lpse
1134 747 1257 804 naturae

83 838 236 919 postulare
268 840 431 915 videbatur,
452 856 469 903 a
490 826 668 911 Deductis
689 855 860 924 cencessum
893 845 948 913 est,
968 845 997 901 et
1028 838 1146 918 quidem
1171 837 1257 917 longe

85 936 255 1013 perfectius,
276 938 305 1001 vi
330 937 493 1014 Ecclesiae,
514 956 547 1002 ea
573 940 667 1002 torma
694 954 788 1018 eoque
814 926 987 1017 organismo
1013 937 1145 1013 donatae,
1168 948 1256 1014 quem

82 1049 156 1097 mox
176 1035 339 1099 innnemus.

129 1128 194 1195 118.
217 1129 297 1199 fluis
318 1132 491 1202 Ecclesiae.
513 1133 587 1198 Cum
616 1135 796 1213 religionen
819 1133 936 1197 sitnisi
958 1132 1085 1211 ligamen
1106 1132 1254 1211 quoddam

81 1228 195 1293 morale
215 1231 292 1294 inter
312 1231 406 1295 Deum
427 1242 457 1296 ct
477 1232 624 1307 hominem
645 1242 749 1295 natura
772 1249 826 1295 sua
848 1231 923 1295 nihil
944 1231 1025 1294 aliud
1047 1231 1255 1309 praestitutum

81 1326 185 1403 habet,
205 1345 295 1407 quam
323 1331 455 1394 divinum
477 1332 591 1395 cultum
618 1339 647 1395 et
668 1331 797 1395 hominis
822 1331 1002 1405 lelioitatem,
1023 1346 1080 1393 non
1109 1338 1254 1393 terrenam

131 1558 167 1620 (l)
182 1559 351 1621 Argumenta,
367 1561 458 1625 quibus
475 1562 628 1611 christianae
644 1562 774 1624 religionis
791 1561 910 1611 divinitas
926 1562 1122 1621 demonstratur,
1138 1562 1188 1609 huc
1204 1576 1253 1610 non

79 1636 221 1699 afferimus,
230 1640 323 1705 quippe
334 1656 399 1705 qnae
408 1657 424 1690 a
433 1647 520 1690 nostro
532 1642 647 1691 instituto
660 1641 743 1691 aliena
754 1648 821 1701 sunt,
831 1648 856 1689 et
867 1643 967 1705 proprie
980 1640 1013 1690 ad
1023 1640 1188 1704 Theolcgiam
1200 1656 1257 1705 per-

79 1719 171 1770 tinent.
183 1719 247 1769 Cum
259 1735 305 1769 nos
321 1722 388 1785 apud
400 1721 542 1771 Catholicos
553 1736 696 1771 sermonem
712 1722 860 1781 habeamus,
872 1723 925 1771 eius
937 1721 1069 1771 veritatem
1081 1726 1106 1770 et
1117 1720 1252 1769 caelestem

76 1797 208 1860 originem
223 1805 355 1864 tamquam
371 1802 487 1851 omnibus
504 1807 659 1866 compertam
676 1801 839 1859 assumimus,
851 1808 876 1851 et
888 1802 981 1851 facturn
994 1800 1169 1850 tantummodo
1185 1798 1251 1850 iliius

76 1877 247 1928 exsistentiae
267 1881 466 1941 consideramus,
488 1896 553 1945 quae
571 1883 718 1944 ceteroquin
743 1882 776 1931 ad
799 1883 854 1930 eius
876 1882 1030 1932 divinitatem
1052 1880 1253 1945 persuadendam

78 1964 263 2020 argumentum
284 1960 465 2011 ualidissimum
482 1950 634 2026 suppeditat
657 1959 721 2010 Nam
738 1968 784 2010 aut
806 1962 925 2011 effectum
946 1963 1002 2011 sine
1024 1976 1102 2011 causa
1118 1960 1252 2010 admittere

75 2044 192 2101 eportet,
207 2047 252 2090 ant
263 2040 390 2090 Christum
403 2056 489 2090 verum
501 2056 559 2091 esse
571 2041 653 2090 Deum
669 2041 800 2091 latendum
819 2048 868 2092 est·
881 2042 989 2105 Legibus
1006 2042 1073 2090 enim
1084 2041 1253 2105 experientiae

77 2124 107 2166 et
125 2120 232 2169 rationis
250 2128 376 2185 repugnat
393 2128 421 2170 ut
436 2137 522 2171 merus
538 2122 615 2170 homo
632 2137 707 2171 cruce
723 2122 860 2171 damnatus
874 2122 1024 2181 doctrinam,
1041 2122 1156 2170 sensibus
1173 2127 1198 2170 et
1214 2136 1254 2169 su-

80 2198 187 2261 perbiae
203 2200 330 2251 humanae
340 2205 474 2265 tantopere
485 2202 661 2259 reluctantem,
676 2205 743 2250 luter
755 2202 942 2265 persecutiones
953 2208 978 2250 et
995 2202 1123 2266 supplicia,
1140 2200 1187 2251 toti
1197 2202 1252 2249 orbi

76 2278 237 2341 persuadere
254 2281 371 2343 potnerit
383 2281 450 2329 Audi
467 2283 515 2330 hac
531 2282 556 2330 in
574 2296 602 2330 re
617 2281 755 2331 Caesarem
771 2281 887 2337 Balbum.
905 2283 941 2331 sie
957 2282 1085 2346 sapienter
1100 2280 1254 2330 ratiocinan-

75 2365 147 2407 tem:
166 2358 291 2422 «Eppure
307 2367 349 2409 tra
364 2366 433 2408 tante
453 2361 607 2425 oppoaizicnl
625 2376 639 2408 e
656 2362 829 2425 persecutioni
847 2375 861 2409 e
878 2366 966 2409 contro
988 2360 1020 2409 ad
1037 2361 1096 2423 ogni
1115 2361 1220 2424 ragione
1237 2375 1251 2408 e

77 2436 235 2500 probabilitis
250 2438 379 2497 filosodca,
395 2438 496 2504 politica
512 2456 527 2490 o
544 2441 648 2498 storica,
661 2447 750 2490 contro
767 2442 799 2490 ad
811 2443 871 2504 ogni
882 2441 1036 2491 andamento
1052 2447 1173 2490 consueto
1185 2439 1251 2503 degli

78 2519 167 2568 eventi
185 2520 280 2576 nmani,
296 2526 385 2584 queste
402 2520 519 2586 stoitezze
536 2522 656 2588 cristiana
668 2537 682 2570 o
694 2522 759 2571 della
770 2537 843 2571 crnce
860 2522 963 2571 s’eranu
979 2536 1068 2584 sparse
1080 2521 1114 2569 lin
1128 2521 1250 2586 da'tempi

76 2598 106 2648 di
124 2596 236 2648 Traiano
253 2602 314 2658 cosi,
330 2601 376 2648 che
392 2600 473 2650 Plinio
490 2601 509 2649 si
527 2599 636 2664 lagnasa
653 2614 684 2650 ne
701 2602 783 2650 sosser
801 2601 894 2651 deserti
911 2602 918 2649 i
934 2600 1020 2664 tempii
1038 2600 1150 2650 de’numi
1167 2602 1252 2665 patrii,

72 2693 91 2727 e
110 2678 157 2728 che
174 2676 198 2729 al
214 2680 338 2743 principio
355 2678 394 2729 del
410 2680 442 2731 111
457 2680 540 2731 secolo
556 2695 585 2729 se
601 2696 633 2729 ne
649 2695 791 2742 scorgeano
809 2681 875 2744 pieni
893 2680 909 2729 il
926 2680 1038 2744 palanzo,
1054 2681 1145 2740 Roma,
1158 2679 1182 2731 le
1193 2695 1250 2745 pro·

74 2758 161 2815 vince,
176 2756 199 2805 ie
215 2759 315 2822 legioni.
331 2759 352 2807 m
369 2765 434 2809 tutto
451 2774 485 2808 un
502 2760 568 2810 altro
584 2759 668 2809 secolo
684 2760 757 2816 dard,
774 2760 875 2819 crebbe,
899 2762 970 2810 soffri
986 2766 1085 2824 questa,
1106 2761 1152 2809 che
1169 2761 1251 2810 taluni

72 2853 175 2887 osanan
187 2841 315 2889 chiamare
331 2842 427 2891 sociata
439 2849 545 2901 secreta,
561 2841 592 2890 ed
610 2840 669 2890 altri
683 2840 771 2891 scuola
781 2840 911 2901 filosofica,
923 2842 1021 2891 macha
1034 2856 1079 2890 era
1090 2841 1249 2891 moltitudine

74 2935 91 2967 e
111 2917 179 2968 forse
192 2920 234 2982 gia
246 2920 362 2983 pluralitd
374 2921 535 2985 dell'impero,
545 2936 620 2971 senza
632 2937 683 2970 una
694 2921 826 2984 congiura,
838 2936 914 2971 senza
927 2936 978 2969 nne
986 2920 1161 2983 soliaraaione,
1173 2939 1249 2973 senza

76 3014 114 3047 un
131 2998 168 3048 sol
186 3000 394 3049 lrammischiarei
410 2999 474 3050 nelle
490 3002 598 3066 disputa,
609 3001 676 3063 aegii
688 3002 815 3061 interessi,
825 3000 890 3050 nelle
902 3001 1051 3065 turpitudini
1068 3002 1249 3068 deil'imperio:

74 3079 111 3128 ed
126 3093 174 3128 ora
191 3094 224 3128 un
237 3079 276 3127 bel
293 3079 319 3129 dl
329 3080 410 3130 sinmo
427 3095 471 3144 per
483 3080 574 3130 redere
589 3080 765 3146 l'Imperature
777 3079 837 3130 sarsi
851 3082 979 3142 cristiano,
991 3096 1066 3132 senza
1080 3096 1113 3131 un
1126 3084 1249 3134 interesse

75 3161 124 3207 che
140 3165 244 3223 potesse
260 3161 401 3218 mnoveric,
418 3177 445 3210 se
463 3176 513 3210 non
531 3162 599 3212 torae
615 3163 640 3211 di
657 3162 779 3226 prendere
791 3161 939 3227 l'opinione,
955 3164 979 3211 la
996 3163 1117 3227 religione
1129 3164 1247 3227 de'pid‚e

73 3240 203 3289 cristiano
218 3240 340 3303 palesarsi
357 3239 482 3303 l'imperio
499 3243 541 3305 poi
558 3248 624 3290 tutto
645 3242 746 3292 intiero.
764 3242 784 3290 lt
802 3244 887 3307 quindi
905 3242 1009 3303 (berche
1029 3257 1079 3291 uon
1096 3245 1134 3293 sia
1150 3244 1247 3293 istituto

75 3319 128 3367 mio
145 3318 170 3368 di
189 3320 329 3382 persuader
339 3336 457 3380 nessuno,
473 3336 516 3371 ma
531 3322 679 3382 solamente,
697 3322 781 3373 eom'e
793 3322 882 3385 ‹l'ogni
896 3324 998 3383 storieo,
1012 3323 1038 3372 di
1053 3330 1200 3387 presentare
1212 3322 1247 3386 gii

75 3398 161 3447 eventi
177 3397 217 3447 col
233 3407 358 3449 carattere
376 3402 421 3449 che
440 3402 461 3450 ci
478 3402 499 3450 si
515 3400 596 3462 rede),
612 3401 698 3466 quindi
716 3403 796 3465 parmi
815 3410 888 3466 poter
903 3409 992 3452 notare
1009 3404 1054 3451 che
1075 3409 1140 3451 tutta
1157 3406 1247 3467 questa

73 3478 142 3527 serie
160 3478 184 3528 di
201 3480 284 3528 eventi
296 3478 505 3529 innaturalissiml
518 3495 569 3530 non
580 3482 640 3545 pote
651 3483 787 3530 succedere
799 3497 826 3531 se
838 3497 888 3530 ncn
900 3482 1190 3545 soprannaturalmente,
1200 3496 1248 3546 per

73 3558 265 3609 intervenziona
288 3560 344 3609 dico
366 3560 549 3610 straordinaria
570 3577 584 3609 e
605 3560 741 3610 manifesta
761 3561 826 3611 della
848 3561 1016 3625 provvidenza
1037 3562 1128 3620 divina,
1150 3578 1177 3612 se
1193 3578 1245 3611 non

74 3638 162 3700 voglia
177 3637 264 3687 taiuno
281 3654 376 3702 negare
392 3655 408 3688 0
425 3640 570 3689 l'esistenza
586 3655 601 3689 ο
617 3640 642 3689 ia
657 3652 765 3705 potenza
781 3657 796 3689 ο
813 3642 838 3690 la
851 3640 1018 3704 provnidenza
1029 3642 1052 3690 di
1068 3640 1122 3691 Dio.
1135 3642 1160 3693 S.
1172 3644 1245 3705 Ago·

73 3716 145 3764 stino
161 3731 176 3764 e
191 3716 281 3776 Dante,
298 3719 347 3768 due
364 3719 403 3767 dei
421 3720 463 3783 pid
479 3720 569 3782 grandi
582 3720 672 3770 filosofi
689 3722 775 3770 storici
793 3722 838 3770 che
856 3724 928 3770 siano
945 3722 1005 3770 stati
1022 3722 1080 3782 mai,
1091 3738 1182 3786 posero
1193 3726 1244 3773 essi

71 3800 168 3859 questo
185 3795 303 3846 dilemma
320 3798 344 3847 di
361 3799 407 3846 che
423 3813 474 3846 non
491 3798 587 3849 s'esce:
597 3799 619 3849 0
631 3806 721 3863 questa
734 3801 920 3865 propagazione
932 3801 972 3849 del
990 3802 1187 3859 Cristianesimo,
1198 3805 1245 3853 che

72 3876 185 3925 sarebbe
201 3882 269 3926 stata
280 3878 423 3927 innaturale
440 3879 465 3926 in
476 3879 536 3941 ogni
554 3882 603 3936 etia,
620 3880 667 3928 che
683 3878 709 3927 t'u
726 3881 943 3930 innaturalissima
960 3881 984 3929 in
1002 3888 1092 3945 questa
1104 3882 1168 3932 della
1180 3898 1248 3934 mas-

71 3958 140 4006 aima
156 3956 255 4007 coitura
277 3959 368 4018 antica,
384 3958 412 4007 fu
429 3958 515 4007 effetto
536 3958 576 4007 dei
595 3958 708 4008 miracoli
726 3960 773 4008 che
795 3974 946 4022 persuasero
963 3960 970 4008 i
988 3962 1128 4022 convertiti,
1150 3978 1244 4013 eruero

71 4051 188 4086 arvenna
204 4037 222 4085 il
238 4038 358 4087 miraculo
375 4038 506 4101 maggiore
524 4038 586 4087 d'un
604 4038 668 4087 fatto
679 4039 850 4101 grandissimo
866 4040 1034 4103 adempiutosi
1050 4048 1167 4092 contrua
1179 4048 1244 4094 tutte

71 4118 94 4166 le
112 4118 215 4182 cagioni
231 4118 349 4176 naturali,
366 4134 400 4167 nn
416 4118 503 4167 effetto
520 4132 595 4167 senza
612 4131 702 4177 causa;
720 4132 734 4166 e
749 4117 846 4167 nell'ua
864 4132 923 4169 caso
941 4134 955 4167 e
972 4119 1102 4171 nelt'altro
1120 4121 1135 4170 il
1149 4122 1212 4173 tatto
1229 4126 1244 4173 d

70 4196 296 4261 sopraunaturale,
310 4197 335 4247 la
350 4199 472 4262 religione
489 4204 592 4247 sortane
608 4197 622 4246 e
638 4197 752 4256 rivelata,
768 4198 860 4247 divina.
872 4216 886 4243 s
906 4200 1056 4249 Somnrara'o
1077 4202 1244 4252 deli¹Istoriu

68 4278 198 4332 d’ltalia,
215 4276 230 4326 1,
246 4276 269 4336 3,
287 4278 344 4335 sil.
