3159 4934
443 294 527 336 carun
545 295 563 339 r.
582 296 616 338 aa
635 295 694 337 rruc
712 295 884 338 orennrrours
902 296 1030 338 nonanta
1281 283 1318 340 29

143 411 224 472 fecto
246 415 335 486 patet,
356 424 374 472 a
396 418 498 471 natura
520 409 667 472 obiectum
688 408 786 487 ipsum
807 410 928 483 intendi,
949 420 1038 489 atque
1061 421 1215 490 propterea
1241 411 1315 473 irre-

143 506 280 585 quietum
294 506 378 569 illnm
390 513 500 568 statum
516 507 648 579 excitari,
663 514 695 568 ut
709 507 747 569 ad
762 507 908 570 obiectum
923 511 1159 586 consequendum
1174 511 1314 573 nitamur.

145 601 224 666 Cum
238 603 337 681 itaque
351 603 504 666 rationalis
525 613 613 666 cansa
627 604 721 667 ordini
742 613 865 668 naturae
882 606 912 668 in
926 606 1073 683 operando
1086 609 1267 671 conformare
1282 625 1315 671 se

144 701 266 774 debean
281 701 468 764 manifestum
491 702 525 763 fit
545 703 583 765 ab
604 715 639 763 ea
653 701 799 766 obiectum
818 704 917 781 ipsum
939 704 996 767 sibi
1017 707 1189 768 couveniens
1208 706 1315 770 debere

143 799 258 875 appeti,
282 814 338 861 non
364 815 431 862 vero
458 800 586 879 quietem
614 799 682 863 inde
705 802 860 874 orituram,
889 803 945 864 nisi
972 804 1047 866 forte
1075 804 1255 867 secundario.
1282 802 1315 881 Si

143 906 249 960 contra
276 900 369 972 fieret,
397 898 548 962 rationalis
576 901 690 962 animae
711 907 809 963 motus
831 901 1005 964 rectitudine
1031 903 1205 980 privaretur.
1235 900 1313 965 Nam

143 994 283 1074 voluptas
299 995 414 1074 proprie
434 1005 464 1059 et
479 1012 530 1074 per
552 1013 583 1059 se
597 1013 653 1060 non
669 996 804 1076 impellit,
817 998 874 1060 nisi
894 999 974 1062 entia
986 1015 1022 1062 ex
1042 1001 1183 1063 instinctu
1197 1008 1311 1062 matum

143 1095 308 1172 operantia,
328 1095 575 1174 quemadmodum
597 1103 666 1158 sunt
686 1096 782 1158 bruta
797 1094 880 1160 Haec
901 1098 988 1175 euim,
1010 1106 1111 1176 utpote
1133 1098 1244 1160 ratione
1265 1114 1316 1160 ca·

144 1194 252 1266 rectia,
272 1191 404 1256 ordinem
428 1209 446 1255 a
467 1201 571 1255 natura
593 1195 737 1255 intentum
757 1210 814 1257 non
835 1196 1046 1274 internoscunt,
1068 1197 1120 1259 sed
1142 1203 1256 1258 tantum
1277 1212 1312 1257 ex

143 1294 281 1354 sensione
307 1291 359 1353 illa
387 1291 556 1371 irrequieta,
583 1307 660 1370 quae
686 1292 846 1371 indigentia
874 1293 992 1366 dicitur,
1020 1301 1249 1357 commoventur.
1276 1292 1316 1356 Et

142 1391 284 1470 quoniam
306 1391 390 1464 haec,
413 1398 445 1452 ut
464 1389 533 1452 talis
553 1398 609 1464 est,
623 1389 661 1452 ad
674 1389 801 1467 quietem
824 1390 926 1465 tendit,
941 1406 1016 1469 quae
1037 1393 1169 1470 gignitur
1190 1407 1227 1454 ex
1247 1392 1316 1458 ade·

142 1491 244 1570 ptione
265 1489 347 1565 boni;
371 1490 440 1553 hinc
460 1489 569 1566 optime
589 1489 698 1552 dicitur
718 1490 802 1568 quies
815 1490 957 1554 eiusmodi
977 1505 1043 1552 esse
1063 1490 1132 1552 tinis
1153 1505 1206 1553 our
1227 1490 1315 1552 bruta

142 1596 311 1667 operentur.

192 1684 393 1752 cortellos
414 1687 532 1750 Ahreas
547 1684 588 1765 (f)
610 1693 640 1748 et
661 1683 800 1750 Damiron
814 1682 856 1765 (ἓ)
878 1685 1043 1764 opinantur,
1063 1701 1235 1764 supremum
1258 1687 1316 1749 lto·

143 1784 235 1847 minis
251 1786 359 1848 bonum
379 1785 409 1846 in
423 1785 553 1848 omnium
567 1785 631 1846 eius
644 1783 822 1846 facultatum
842 1783 1006 1848 evolutione
1021 1785 1112 1847 situm
1133 1792 1188 1846 est.
1200 1783 1232 1846 ln
1254 1784 1311 1847 hoc

139 1883 222 1944 enim
237 1883 395 1945 cuiuslibet
408 1884 483 1944 entis
496 1881 634 1959 perfectio
648 1881 793 1956 consistit,
805 1889 838 1943 ut
853 1882 988 1959 proprias
1001 1882 1157 1944 facultates
1173 1882 1311 1959 explicet.

140 1978 228 2044 Haec
249 1981 339 2058 igitur
360 1979 517 2058 explicatio
538 1979 659 2042 ultimus
680 1979 747 2041 finis
767 1979 897 2042 hominis
918 1979 1041 2044 dicenda
1061 1979 1126 2043 erit.

186 2077 223 2143 R.
238 2077 320 2142 Haec
341 2079 483 2142 sententia
505 2079 541 2151 si,
556 2087 589 2140 ut
610 2079 697 2141 verba
720 2087 833 2154 sonant,
849 2078 1004 2156 accipitur,
1018 2079 1048 2141 in
1069 2080 1174 2156 primis
1194 2094 1250 2141 non
1264 2080 1312 2140 di·

142 2177 270 2256 stingnit
283 2177 359 2240 inter
380 2191 549 2253 supremum
565 2177 683 2254 bouum,
695 2177 775 2255 quod
790 2192 857 2238 vere
877 2176 917 2238 sit
931 2176 1055 2240 ultimus
1071 2178 1150 2250 finis,
1164 2186 1194 2240 et
1209 2194 1314 2257 supre-

145 2289 229 2337 mum
257 2275 374 2352 bonum,
396 2275 473 2352 quod
500 2274 722 2338 destinationem
748 2274 876 2337 hominis
902 2276 931 2337 in
959 2277 1016 2338 lmc
1044 2277 1105 2339 vita
1132 2276 1310 2353 implendam

142 2372 293 2450 respiciat.
310 2367 420 2435 Deinde
440 2372 590 2435 confundit
603 2372 778 2436 elementum
795 2374 990 2435 sullectinum
1004 2372 1154 2436 felicitatis
1169 2389 1238 2435 cum
1254 2374 1313 2436 ele·

142 2479 243 2535 mento
263 2473 417 2535 oltiectlvo.
439 2470 574 2536 Evolutio
602 2473 679 2534 euim
700 2471 884 2546 facultatum,
905 2473 936 2534 in
966 2474 1134 2550 operatione
1158 2473 1311 2544 consistit;

140 2571 277 2649 operatio
298 2576 395 2632 autem
419 2570 580 2633 subiectiva
601 2577 695 2632 estet
715 2571 796 2633 circa
815 2571 963 2633 obiectum
984 2570 1104 2648 aliquod
1125 2579 1270 2644 versatur,
1293 2588 1310 2633 a

139 2682 206 2746 quo
227 2683 392 2730 mensuram
420 2669 555 2746 propriae
576 2668 761 2746 perfectiouis
782 2669 919 2746 suscipit.
939 2668 980 2731 At
1005 2677 1119 2747 contra,
1140 2669 1177 2731 de
1197 2669 1314 2733 obiecto

136 2765 245 2844 agitur
263 2765 293 2827 in
315 2767 372 2828 dne
393 2766 496 2829 ultimo
523 2766 752 2828 determinando.
774 2763 883 2843 Tertio,
905 2780 1076 2843 supremum
1099 2767 1207 2829 bonum
1229 2767 1259 2829 in
1281 2784 1312 2830 re

141 2879 268 2942 prorsus
287 2863 462 2941 impossibili
477 2863 608 2926 collocat.
623 2862 679 2937 Qui
697 2863 773 2925 enim
788 2865 840 2926 flet
853 2871 887 2924 ut
900 2879 1000 2926 omnes
1015 2864 1143 2927 hominis
1156 2864 1314 2928 facultates

136 2966 172 3025 in
197 2963 252 3024 hac
273 2963 334 3024 vita
354 2962 519 3025 omnimode
541 2962 740 3039 perficiantur,
754 2976 824 3023 cum
845 2962 882 3023 ad
901 2961 933 3023 id
953 2970 984 3024 et
1005 2970 1119 3039 tempus
1140 2971 1171 3024 et
1192 2963 1270 3025 vires
1283 2973 1333 3025 et-

134 3061 348 3138 opportuuitas
363 3061 428 3138 ipsa
449 3059 587 3122 deficiat?
603 3057 643 3122 Ut
663 3059 736 3122 nilril
758 3060 855 3124 dicam
876 3060 955 3139 quod
969 3060 1038 3122 illae
1053 3061 1094 3122 ita
1109 3061 1186 3123 inter
1203 3077 1235 3123 se
1249 3061 1312 3138 ple·

134 3174 269 3236 rumque
283 3175 314 3220 se
328 3160 447 3232 habeut,
457 3166 491 3221 ut
504 3159 592 3220 unius
606 3158 788 3232 exercitium,
804 3158 977 3234 praesertim
991 3158 1017 3220 si
1032 3158 1150 3235 plenum
1166 3158 1213 3235 sit,
1228 3174 1313 3220 exer·

136 3256 249 3318 citium
263 3255 383 3316 alterius
399 3269 519 3332 prorsus
533 3254 680 3317 excludat.
693 3251 825 3331 Itemque
838 3255 969 3316 omnium
983 3254 1159 3316 facultatum
1170 3253 1313 3330 evolutio,

136 3351 263 3415 etiamsi
285 3351 434 3430 possibilis
459 3360 549 3426 esset;
564 3359 671 3414 tamen
692 3367 761 3414 cum
790 3353 892 3429 augeri
913 3353 1021 3430 ingiter
1045 3353 1107 3414 sine
1128 3353 1185 3413 fine
1208 3351 1313 3428 possit,

138 3463 304 3526 numquam
325 3449 364 3511 ad
378 3458 491 3512 certum
513 3450 669 3512 termirmm
691 3456 853 3526 spectaret;
869 3457 902 3512 ut
923 3450 1059 3512 omittam
1082 3448 1311 3525 vicissitudines,

139 3546 311 3620 varietates,
332 3546 492 3620 molestias,
513 3547 659 3610 defectum
681 3549 846 3626 potestatis,
867 3556 1038 3625 ceterasque
1066 3546 1313 3625 imperfectiones,

134 3659 223 3724 quae
236 3645 428 3709 evolutionem
443 3647 520 3708 hanc
533 3645 721 3719 comitantur,
735 3661 869 3724 quaeque
882 3661 899 3707 a
916 3660 984 3708 vero
1005 3647 1062 3707 fine
1083 3644 1188 3707 ultimo
1207 3645 1312 3704 abesse

132 3743 258 3806 debent.
274 3741 414 3822 Denique,
433 3745 507 3806 haec
526 3744 623 3819 opinio
644 3743 791 3805 hominem
812 3744 913 3806 ordine
934 3743 1109 3805 destitutum
1132 3758 1167 3803 ac
1188 3755 1312 3817 praepo·

134 3849 257 3904 sterum
278 3840 377 3904 eflicit.
393 3837 470 3903 Nam
492 3840 527 3917 si,
542 3847 575 3901 ut
594 3845 660 3902 ante
681 3838 754 3912 dixi,
768 3839 857 3902 homo
877 3840 1030 3902 ordinatus
1052 3847 1156 3900 natura
1173 3853 1226 3900 sua
1248 3847 1308 3908 est:

128 3943 206 4004 eius
227 3938 381 4002 facultates
400 3940 442 4000 ita
463 3937 539 4000 inter
560 3953 592 4000 so
606 3945 806 4015 temperentur
826 3943 949 4014 oportet,
965 3945 999 3997 ut
1013 3951 1069 3998 una
1091 3935 1268 4012 dominetur,
1282 3941 1314 3996 et

191 4167 224 4227 (ll
245 4169 375 4217 Concede
392 4169 465 4217 droit
479 4167 599 4219 nectarei.
616 4166 626 4212 l
643 4173 707 4227 pert.
725 4149 790 4230 gem,
806 4166 880 4230 chep.
897 4164 916 4224 l,
932 4171 946 4222 ς
962 4166 985 4216 f.

190 4246 225 4310 (2)
244 4249 356 4303 Morale,
370 4255 390 4298 t.
408 4249 426 4307 1,
443 4248 556 4298 Proface.
