3159 4934
377 347 461 390 CAPUT
479 349 504 390 11.
525 350 560 391 BE
577 349 833 394 socffldrncrvmr-
1125 338 1178 398 237

17 475 78 523 esse
94 461 220 539 sapiens.
235 463 277 522 At
290 475 359 523 uero
373 461 450 523 vires
465 460 560 524 ciuilis
576 462 736 535 societatis,
750 470 840 540 prout
861 462 929 526 talis
942 472 997 538 est,
1011 466 1127 528 nonnisi
1140 467 1179 529 ad

18 558 107 621 media
129 573 160 620 se
181 558 349 632 extendunt,
364 573 439 635 quae
460 559 633 622 exteriorem
655 559 786 624 ordinem
807 562 981 662 respiciunt3
996 564 1088 625 deins
1102 566 1179 626 enim

17 658 168 720 dumtaxat
190 671 241 734 per
262 671 294 719 se
314 656 467 734 disponere
488 663 594 734 potest.
609 654 689 736 Ergo
710 667 767 722 etc.

54 753 137 821 Proh
153 755 281 818 monada
302 770 379 832 pars.
395 752 527 818 Societas
548 755 677 818 medinm
698 763 744 818 est
763 771 819 818 non
837 757 915 830 linis,
930 765 1063 835 respectu
1086 759 1182 822 socio·

16 869 89 927 rum;
107 853 156 932 qni
171 852 289 916 adeam
304 852 461 915 ineundam
475 852 585 916 idcirco
600 869 617 914 a
632 859 737 916 natura
751 854 922 928 incitantur,
932 862 965 916 ot
978 855 1045 918 inde
1059 857 1097 918 ad
1114 872 1183 935 pro·

17 953 106 1030 priam
120 951 301 1023 felicitatem,
312 950 405 1012 tutius
421 958 450 1012 et
465 948 579 1012 lucilius
593 950 824 1030 adipiscendam,
835 951 1008 1014 adiumenta
1022 954 1181 1032 recipiant.

19 1050 73 1115 Sed
85 1052 113 1113 id
128 1050 225 1113 locum
236 1065 293 1112 non
308 1048 440 1127 haberet,
451 1049 478 1110 si
493 1049 599 1112 bolum
615 1064 769 1111 commune
785 1050 1039 1128 externumquod
1052 1052 1181 1115 societas

18 1155 158 1227 pmcnrat,
178 1163 237 1211 non
257 1155 334 1209 esset
354 1145 520 1209 ordinatum
542 1146 580 1208 ad
606 1145 761 1223 internum,
782 1147 863 1223 quod
889 1147 977 1209 tinem
998 1148 1180 1225 singulorum

19 1246 162 1308 hominum
176 1245 206 1306 in
222 1245 280 1306 hac
294 1244 354 1306 vita
370 1243 531 1306 constituit.
543 1239 619 1305 Non
634 1240 771 1319 aliunde,
783 1244 826 1306 ait
840 1241 870 1307 S.
881 1243 1081 1322 Augustinus,
1091 1244 1182 1310 beato
1208 1328 1215 1333 ⁸

19 1344 130 1416 dailos,
151 1341 282 1405 aliunde
302 1340 410 1416 domm
435 1357 505 1403 cum
525 1338 615 1404 aliod
635 1340 746 1404 mailoc
774 1358 837 1404 ooo
866 1341 918 1418 sit,
940 1359 1035 1420 poam
1055 1362 1182 1408 concors

18 1438 166 1504 homiaem
186 1437 356 1503 mollitudo
371 1439 422 1518 (l).
437 1437 520 1503 Finis
542 1427 693 1503 societatis
708 1438 842 1518 politicae
856 1441 959 1518 nequit
973 1441 1181 1518 praescindere

18 1541 99 1601 adne
112 1540 207 1616 ipsius
222 1539 365 1613 imminis3
381 1553 466 1600 secus
480 1551 536 1600 non
550 1537 581 1599 in
596 1536 703 1599 bonurn
717 1536 863 1600 sociorum
878 1537 1005 1610 cederet,
1020 1554 1183 1619 eorumque

19 1637 145 1714 dignitati
167 1636 311 1714 personali
333 1643 526 1714 repugnarem
541 1636 686 1712 siqnidem
703 1651 825 1712 persona
839 1636 869 1698 in
883 1637 940 1700 hoc
954 1635 1147 1716 distinguitur
1160 1656 1179 1702 a

19 1737 109 1808 renus,
129 1735 208 1813 qrrod
230 1735 269 1797 sit
290 1735 386 1812 gratia
406 1735 462 1812 soi,
479 1749 533 1798 non
554 1733 684 1796 alterius.
699 1730 765 1797 Non
786 1741 866 1796 esset
885 1741 984 1796 autem
1005 1737 1102 1814 gratia
1123 1741 1182 1813 sui,

20 1832 42 1892 si
59 1833 86 1893 in
106 1832 245 1896 societate
265 1833 303 1894 ad
324 1833 457 1905 linema
480 1833 598 1911 proprio
620 1833 676 1893 line
697 1831 859 1906 diversum,
880 1832 1077 1896 ordinaretur.
1099 1832 1181 1900 Hinc

21 1930 115 1991 merito
136 1927 164 1992 S.
180 1927 321 2003 Thomas,
337 1929 372 1992 de
394 1930 451 1990 tine
472 1928 621 1992 societatis
635 1928 767 2007 loquens,
781 1929 880 2007 ipsum
901 1930 932 1992 in
947 1930 1057 1993 virtute
1071 1935 1183 1997 consti·

23 2027 80 2100 tuit,
94 2044 159 2090 oum
175 2028 271 2090 uirtus
285 2025 324 2089 sit
338 2027 407 2090 linis
428 2027 506 2090 vitae
527 2026 691 2105 praesentis
712 2027 743 2088 in
756 2027 882 2090 homine.
897 2024 953 2090 Ad
971 2027 1026 2091 laec
1038 2027 1182 2094 homines

22 2129 249 2204 roopraponlor,
260 2127 297 2187 ol
313 2123 409 2188 simul
422 2122 495 2186 berte
508 2125 626 2198 nivoni,
639 2121 719 2204 qood
732 2124 880 2202 consequi
891 2143 955 2189 nora
967 2130 1072 2206 potest
1084 2145 1183 2192 onus·

22 2222 138 2302 quisquc
152 2215 365 2304 'simpulomder
378 2223 493 2285 vinens.
508 2219 604 2286 Bona
617 2227 722 2286 aalma
746 2225 813 2287 olla
832 2227 881 2288 est
900 2224 1069 2290 secondum
1083 2228 1181 2290 virto-

22 2322 82 2383 om.
99 2319 248 2386 Viriooso
267 2321 366 2402 ipilur
386 2321 453 2384 olto
473 2324 520 2384 est
540 2321 788 2400 comprepotr'om's
809 2320 966 2386 humanae
986 2322 1064 2400 pinis
1079 2321 1130 2403 (2).

56 2416 135 2483 Proh.
151 2420 238 2483 tertia
254 2435 332 2498 pars.
347 2417 554 2483 Sobordinatio
568 2420 598 2480 in
616 2435 650 2482 ao
672 2421 768 2496 posita
782 2427 838 2494 est,
853 2428 886 2481 nt
902 2436 991 2482 unum
1005 2420 1091 2482 alteri
1112 2422 1182 2484 snb·

22 2514 139 2593 iioiatnr,
159 2519 200 2580 ab
224 2533 316 2596 eoque
340 2531 473 2580 normam
501 2524 530 2578 et
556 2516 665 2578 limites
693 2517 828 2594 accipiat.
849 2515 915 2580 Hoc
942 2525 1042 2579 antem
1064 2520 1181 2582 omnino

22 2611 164 2678 dicendum
186 2623 232 2678 est
251 2615 288 2678 de
308 2617 384 2677 bono
404 2613 517 2687 sociali,
531 2614 627 2691 quoad
649 2613 787 2676 ultimum
809 2617 915 2687 linem3
938 2622 1074 2692 respectu
1095 2617 1186 2679 cuius
1256 2665 1259 2669 .

23 2717 109 2774 cetera
124 2714 220 2776 omnia
231 2713 342 2776 habent
353 2712 494 2777 rationem
506 2711 605 2774 medii.
617 2709 648 2776 Si
663 2711 748 2774 aliter
758 2718 848 2786 esset,
859 2712 985 2776 societas
995 2714 1026 2775 in
1037 2714 1180 2776 damnum

24 2809 159 2874 sociorum
180 2826 237 2874 non
259 2811 287 2872 in
308 2826 408 2873 veram
423 2809 581 2872 utilitatem
604 2809 797 2883 redundaret;
812 2812 913 2888 nequit
933 2812 1010 2873 enim
1025 2827 1093 2874 esse
1108 2813 1182 2885 utile

22 2901 131 2982 domini
144 2909 203 2971 nisi
225 2909 255 2970 id
268 2908 346 2986 qnod
367 2915 420 2969 aut
433 2909 545 2970 content
565 2915 620 2969 aut
634 2905 739 2969 saltem
756 2923 815 2970 non
834 2916 920 2972 nocet
941 2908 1044 2972 ultimo
1065 2911 1127 2984 tlni,
1141 2912 1180 3025 ad

24 3017 100 3079 quem
121 3015 180 3069 tota
204 3007 264 3069 vita
285 3005 414 3068 humana
436 3005 597 3068 ordinatur.

23 3099 188 3179 Adverte,
204 3103 278 3166 haec
292 3102 381 3165 dicia
397 3103 490 3177 nobis,
504 3103 783 3166 considerantibus
775 3105 965 3168 intentionem
980 3114 1181 3179 ratumenna

23 3212 82 3261 vero
95 3200 124 3262 id
136 3202 217 3280 quod
231 3204 364 3266 homines
377 3201 517 3265 tortasset
531 3201 677 3276 iaciente
692 3210 815 3265 naturae
829 3203 986 3265 intentione
1001 3205 1180 3266 recedentes.

22 3288 111 3358 Facile
124 3301 201 3363 enim
216 3301 390 3378 contingere,
402 3305 500 3378 potest
514 3306 548 3362 ut
565 3298 663 3377 aliqua
680 3299 807 3362 societas
820 3299 912 3363 alium
927 3302 1017 3364 finem
1033 3301 1090 3364 sibi
1112 3317 1182 3378 pro·

23 3402 115 3469 ponat3
125 3405 156 3459 nt
170 3413 206 3461 ex
222 3415 265 3476 pr.
281 3398 494 3462 oblectamenta
509 3398 596 3471 vitae,
607 3405 660 3460 ant
674 3398 789 3475 copiam
804 3399 986 3472 divitiarum,
998 3409 1051 3460 ant
1065 3400 1181 3477 imperii

23 3487 219 3570 dilatationem,
242 3502 294 3558 aut
327 3495 444 3574 plenam
472 3495 689 3558 individuorum
724 3496 903 3569 libertatem,
935 3495 1014 3559 nullo
1042 3508 1180 3574 respectu

24 3585 115 3652 habito
133 3593 243 3657 ordinis
264 3592 385 3656 moralis
406 3610 441 3656 ac
463 3591 555 3657 multo
569 3593 668 3656 minus
681 3601 817 3656 aeternae
838 3593 985 3656 sociorum
1005 3593 1122 3656 salutis.
1137 3593 1180 3657 At

25 3684 150 3752 cordatus
169 3692 296 3771 quisque
317 3691 396 3755 uidet
416 3691 446 3752 id
468 3705 621 3770 perperam
643 3693 716 3754 fieri.
738 3689 945 3768 Quaecumque
965 3693 1042 3753 enim
1065 3693 1141 3754 bona
1161 3709 1180 3756 a
1201 3699 1204 3705 '

25 3782 152 3850 societate
172 3797 377 3868 procurantur,
390 3805 425 3873 ea
445 3796 534 3864 corte,
554 3795 588 3851 ut
607 3789 754 3851 hominem
769 3789 901 3862 deceant,
917 3803 1066 3866 nunquam
1087 3789 1179 3851 avir-

26 3881 90 3958 tote,
102 3899 173 3960 qnae
188 3887 379 3966 praecipuum
400 3887 528 3952 hominis
548 3888 656 3950 honum
671 3893 728 3960 est,
742 3886 897 3948 dissociari
919 3895 1051 3964 possunt,
1064 3895 1095 3949 et
1112 3902 1182 3949 con·

27 3988 165 4054 sequenter
180 3985 334 4050 dissociari
355 4002 411 4050 mn
433 3985 539 4048 debent
559 3985 597 4046 ab
617 3983 721 4066 ultimo
743 3985 810 4058 tine,
831 3984 869 4046 ad
888 3998 976 4062 quern
996 3983 1063 4060 ipsa
1084 3985 1180 4047 virtus

26 4073 144 4143 ordinem
164 4084 262 4148 habet.

68 4239 98 4301 (l)
113 4241 222 4306 Epistola
238 4245 311 4296 CLV.

67 4317 97 4381 (2)
112 4321 251 4387 Opusculo:
269 4327 307 4376 Dc
325 4325 467 4390 chimt'rte
483 4323 668 4386 Principium,
687 4321 700 4370 l.
716 4319 734 4381 l,
751 4335 771 4370 c.
790 4321 827 4370 14.
