3159 4934
808 313 947 362 ETfllGA

754 593 923 656 Anmcnnns
945 563 995 655 Ill.

457 729 506 794 Dc
525 729 687 810 facultate,
709 747 729 789 a
751 729 924 808 quoactus
944 723 1078 788 morales
1097 722 1284 805 efficiuntur.

330 927 378 991 40.
400 925 474 1008 ouid
496 921 811 993 antusroinmarins.
834 922 922 987 Ratio
942 923 979 985 nd
1001 927 1100 985 actum
1121 921 1284 982 humanum
1306 923 1464 984 concurrit

290 1027 453 1105 dirigendo,
473 1033 616 1103 qnatenus
636 1023 782 1086 obiectum
808 1021 930 1098 eiusque
954 1019 1125 1082 relationem
1147 1018 1288 1081 moralem
1317 1019 1457 1082 ostendit.

256 1120 257 1124 ’
289 1124 331 1188 Ar
350 1122 483 1196 facultas,
497 1138 533 1184 ex
546 1136 603 1200 qna
619 1127 705 1183 actus
720 1119 769 1181 illc
785 1118 900 1196 proprie
921 1117 1061 1189 dimanat,
1083 1116 1218 1180 voluntas
1238 1123 1299 1188 est,
1322 1115 1399 1178 unde
1419 1118 1459 1180 tit

289 1230 323 1284 ut
343 1221 430 1285 etiam
452 1219 634 1284 voluntarius
654 1217 828 1289 nominetur,
849 1225 880 1276 et
900 1214 1013 1276 deliniri
1029 1213 1136 1276 soleat:
1157 1210 1250 1276 Actio
1272 1211 1310 1274 ab
1332 1214 1460 1278 interno

287 1318 442 1399 principio
463 1315 639 1398 procedens,
659 1333 727 1378 cum
748 1313 919 1394 cognitione
938 1311 1015 1390 [iuis
1037 1311 1095 1392 (i).
1120 1310 1208 1374 Actio
1235 1313 1313 1374 enim
1336 1329 1412 1390 quae
1437 1327 1459 1374 a

290 1415 439 1481 voluntate
453 1415 593 1495 procedit,
608 1415 772 1476 ab'intemo
787 1411 928 1489 principio
944 1410 1082 1488 procedat
1097 1425 1215 1472 necesso
1229 1417 1291 1483 est,
1308 1410 1461 1489 siquidem

288 1514 421 1578 voluntas
434 1513 536 1576 intime
549 1512 661 1576 bomini
681 1511 759 1572 inest
778 1518 809 1572 et
829 1507 1003 1586 principium
1025 1508 1239 1583 constituitur
1259 1524 1317 1585 qno
1338 1515 1459 1572 ceterae

224 1635 225 1638 ¹
287 1611 442 1674 facultates
456 1611 553 1690 quoad
568 1609 740 1672 exercitium
756 1605 889 1684 pendent.
902 1603 976 1668 Cum
992 1619 1060 1668 vero
1077 1604 1213 1667 voluntas
1229 1621 1287 1667 non
1301 1605 1456 1693 agatnisi

287 1709 404 1788 praevia
419 1708 582 1786 cognitione
596 1706 713 1778 obiecti,
727 1711 757 1766 et
770 1704 917 1767 obiectum
939 1703 1155 1765 consideratum
1178 1692 1332 1780 tamquam
1353 1703 1455 1765 ermi-

286 1825 342 1870 nus
357 1796 482 1870 actionis
493 1811 616 1868 'iocatur
636 1803 718 1876 linis,
739 1802 866 1864 efficitur
880 1801 950 1862 binc
964 1807 996 1862 ut
1011 1801 1098 1878 actio,
1113 1815 1188 1878 qnae
1202 1801 1264 1863 sive
1282 1801 1459 1864 immediate

287 1906 349 1968 sive
369 1904 494 1966 mediate
516 1918 532 1964 a
554 1901 702 1964 voluntate
724 1898 864 1976 procedit,
879 1912 993 1974 semper
1015 1897 1115 1975 exigat
1135 1897 1330 1976 cognitionem
1351 1898 1429 1960 linis.

325 1999 372 2064 41.
389 1996 512 2066 tarutio
528 2002 618 2065 aelus
630 1991 805 2064 voluntarii.
818 1993 1026 2059 Voluntaria·
1038 1994 1181 2056 dividitur
1195 1996 1224 2057 in
1240 1996 1455 2058 necessarium

285 2105 314 2162 et
326 2097 462 2160 liberum.
477 2095 552 2160 lllnd
567 2094 705 2173 estquod
723 2092 892 2156 electionem
913 2092 1027 2155 arbitrii
1049 2092 1207 2169 praecedit,
1222 2099 1257 2154 ut
1270 2093 1453 2156 desiderium

284 2196 446 2269 felicitatis;
463 2196 519 2258 boc
540 2209 608 2257 vero
629 2192 707 2270 quod
727 2190 808 2252 illam
834 2190 1032 2268 subsequitur,
1049 2197 1081 2250 nt
1101 2190 1216 2268 siquis
1236 2189 1399 2254 deliberate
1414 2191 1454 2254 ad

284 2295 439 2374 legendnm
461 2308 493 2356 se
513 2284 652 2371 applicat.

323 2391 445 2465 Deinde,
466 2390 607 2453 dividitur
627 2389 656 2449 in
680 2384 815 2465 formale
834 2394 863 2448 et
878 2385 1020 2448 virtuale.
1040 2384 1244 2450 Voluntarinm
1265 2387 1390 2450 formale
1404 2395 1453 2450 est

282 2490 361 2568 quod
384 2505 435 2566 per
455 2504 486 2550 se
508 2488 671 2551 continetur
691 2492 759 2547 actu
782 2484 952 2557 voluntatis,
972 2491 1004 2545 ut
1025 2501 1061 2547 ea
1081 2501 1125 2562 gr.
1142 2484 1221 2561 optio
1241 2485 1347 2552 obiecti
1371 2487 1451 2564 quod

283 2587 438 2666 cogitatur.
454 2585 660 2651 Voluntarium
683 2599 751 2645 vero
766 2581 891 2645 virtuale
911 2588 966 2656 est,
988 2582 1066 2660 quod
1088 2598 1144 2644 nou
1165 2583 1194 2644 in
1217 2599 1249 2645 se
1271 2583 1322 2645 sed
1343 2585 1373 2645 in
1394 2583 1455 2647 alio
1523 2648 1528 2651 .

210 2742 214 2748 .
284 2685 444 2761 appetitur,
466 2690 498 2745 ut
524 2698 568 2744 ex.
590 2698 634 2759 gr.
662 2679 810 2758 navigatio
834 2695 886 2757 per
907 2678 1056 2744 Oceanum
1076 2681 1106 2741 in
1128 2680 1245 2743 bomine
1271 2681 1322 2760 qui
1345 2683 1451 2744 statuit

282 2781 430 2860 proticisci
451 2781 480 2841 in
501 2779 681 2842 Americam.

321 2876 429 2958 Tertio,
451 2877 592 2940 dividitur
612 2877 643 2938 in
670 2874 821 2938 directum
841 2882 871 2938 et
890 2874 1084 2938 indirectam.
1111 2873 1246 2938 Primum
1267 2885 1312 2940 est
1332 2878 1411 2956 quod
1431 2895 1450 2940 a

280 2975 429 3039 voluntate
451 2974 582 3054 procedit
603 2990 655 3052 per
676 2974 850 3050 positionem
871 2980 970 3048 actuo,
993 2974 1119 3040 alterum
1136 2965 1203 3036 vero
1217 2976 1295 3052 quod
1311 2992 1329 3036 a
1344 2976 1450 3038 volun·

280 3081 341 3136 tate
371 3074 501 3152 procedit
523 3087 574 3150 per
594 3077 680 3134 actus
701 3071 897 3148 omissionem,
929 3077 961 3132 nt
981 3071 1006 3131 si
1027 3071 1094 3148 quis
1115 3073 1233 3135 omittat
1253 3073 1349 3135 iacere
1370 3073 1449 3152 qnod

281 3181 378 3252 potest
397 3182 425 3235 et
447 3172 574 3235 advertit
595 3187 611 3232 a
634 3185 666 3231 se
687 3184 751 3231 esse
772 3166 946 3230 laciendum.

326 3383 360 3444 (i)
377 3381 413 3428 Ex
429 3383 477 3428 han
494 3381 627 3428 voluntarii
653 3379 795 3430 delinitione
818 3386 925 3446 apparet
950 3381 1084 3429 discrimen
1102 3382 1156 3428 eins
1173 3381 1205 3428 ab
1221 3386 1282 3429 actu
1298 3387 1452 3444 spontaneo,

275 3472 337 3510 cum
349 3474 399 3524 qno
411 3473 487 3521 saepo
504 3473 620 3507 sermone
633 3461 758 3507 communi
771 3460 939 3508 confunditur.
952 3460 1100 3522 Spectantem
1115 3459 1183 3508 enim
1193 3460 1286 3509 dicitur
1297 3460 1372 3516 actio,
1382 3474 1447 3522 qnae

278 3541 310 3589 ab
326 3541 427 3588 interno
444 3537 544 3601 quidem
560 3537 684 3600 priiicipio
705 3539 827 3600 procedit,
843 3539 946 3600 praevia
962 3538 1107 3600 cognitione
1129 3540 1232 3598 obiecti3
1249 3544 1364 3587 attamen
1383 3553 1447 3602 opus

280 3635 331 3668 non
347 3623 387 3668 est
403 3625 432 3667 ut
448 3617 572 3665 obiectum
590 3616 713 3665 eiusmodi
730 3618 937 3681 apprehendetur
953 3622 1084 3680 tamquam
1101 3617 1168 3673 finis,
1181 3619 1299 3666 nimirum
1316 3624 1448 3682 tamquam

277 3699 303 3748 id
322 3700 388 3763 qnod
406 3689 532 3747 tottionem
548 3696 669 3745 terminat
685 3701 709 3744 et
729 3699 801 3746 cuins
821 3697 906 3760 gratia
922 3696 963 3746 illa
979 3699 1097 3746 exeritur.
1113 3697 1197 3752 Quare
1213 3697 1297 3746 locum
1320 3699 1399 3747 habet
1421 3698 1447 3746 in

277 3780 391 3841 appetitu
408 3779 485 3826 etiam
502 3775 595 3834 sensili,
611 3777 665 3824 sine
683 3775 733 3825 ullo
751 3791 876 3826 concursu
893 3776 1039 3835 voluntatis,
1050 3784 1075 3824 et
1087 3776 1229 3826 actionibus
1246 3792 1347 3841 quoque
1364 3779 1448 3826 bruto-

278 3871 336 3906 rum
345 3859 498 3908 attribuitur.
508 3857 578 3906 Haec
587 3855 653 3904 enim
664 3861 695 3904 eni
707 3855 798 3904 obiecti
808 3857 951 3919 cognitione
960 3857 992 3905 ad
1002 3857 1158 3919 operandum
1173 3864 1320 3917 moventur3
1331 3857 1447 3920 quamvis

277 3937 402 3984 rationem
424 3938 480 3984 finis
502 3952 552 3985 non
570 3935 721 3996 concipiant.
740 3935 913 3991 Quamobrem
931 3932 1001 3984 notio
1022 3936 1157 3998 spontanei
1177 3934 1254 3985 iatius
1275 3942 1354 3999 patet,
1371 3951 1448 4000 quam

277 4016 348 4065 notio
366 4014 509 4072 voluntarii,
526 4015 558 4063 ad
576 4029 681 4078 eamque
700 4029 726 4064 se
743 4015 821 4064 habet
837 4023 866 4063 nt
880 4031 967 4078 genus
981 4015 1149 4078 adoperiam.
1168 4016 1239 4072 Quod
1256 4017 1277 4064 si
1294 4014 1360 4064 actio
1377 4016 1448 4065 nullo

275 4095 353 4144 modo
365 4109 395 4142 ex
407 4094 495 4143 obiecti
513 4071 657 4158 odguitiono
669 4094 794 4158 procedit,
805 4095 849 4143 sed
861 4094 934 4144 unice
945 4109 960 4141 a
973 4096 996 4143 vi
1008 4096 1117 4158 quadam
1129 4097 1243 4145 subiecto
1253 4097 1375 4160 ingenita,
1385 4102 1448 4146 tunc

275 4172 368 4224 dicitur
384 4175 542 4231 naturali&
558 4175 597 4223 cui
613 4175 729 4236 praecise
740 4175 890 4223 violentum
901 4176 1045 4238 opponitur.
1056 4175 1130 4223 Actio
1142 4175 1220 4237 igitur
1235 4174 1386 4231 noluntaria.
1397 4177 1450 4225 hoc

274 4258 331 4319 ipso
348 4253 416 4318 quod
432 4251 574 4303 voluntaria
590 4258 636 4312 est,
652 4262 691 4302 eet
708 4251 784 4302 etiam
800 4260 943 4318 spontaneo
958 4260 984 4303 et
1000 4254 1133 4315 naturalis,
1148 4263 1176 4304 at
1192 4269 1243 4304 non
1261 4257 1316 4305 vice
1335 4271 1419 4306 versa.
