3159 4934
397 269 483 313 oxrur
500 269 526 313 u.
545 270 580 311 nn
597 269 702 312 orrrous
719 268 824 312 uoxruus
840 268 911 311 nucu
923 270 1001 328 ‚nunu
1225 254 1277 313 133

103 382 223 456 referat,
239 389 389 462 tamquam
403 381 441 445 ad
461 390 621 445 creatorem
636 390 665 444 et
686 382 911 460 gubernatorem
925 387 956 443 et
976 381 1139 445 dominum.
1156 378 1190 444 ld
1206 395 1276 444 uero

103 483 196 545 homo
217 481 288 544 dum
308 481 388 559 lacit,
410 468 546 560 magnam
573 480 631 543 sibi
659 480 820 542 utilitatem
846 489 1002 558 pmcurat;
1028 495 1169 558 magnum
1197 479 1275 541 enim

103 580 216 643 bouum
231 588 276 642 est
289 577 410 657 implere
430 579 560 642 ordinem
574 593 593 639 a
606 586 710 639 natura
733 578 905 656 praefixum.
922 578 1064 656 Apposite
1084 575 1113 641 S.
1129 575 1275 641 Thomas:

102 699 124 735 e
139 676 201 741 Deo
222 692 280 741 non
299 677 455 741 exhibetur
469 674 579 755 aliquid
601 676 797 754 proptereius
817 675 985 751 utilitatem,
998 676 1050 739 sed
1072 684 1191 755 propter
1212 676 1276 739 eius
1326 692 1330 700 ·

100 776 241 857 gloriam,
261 783 393 839 nostram
414 782 512 837 autom
534 773 692 836 utilitatem
715 772 766 853 (l).
782 795 800 829 »

47 935 49 941 ,
155 871 245 936 Obiic.
262 872 297 938 ll.
320 871 435 953 Religio
455 878 502 935 est
522 871 659 947 specialis
676 873 771 937 virtus
786 879 816 933 et
836 885 906 950 pars
930 872 1071 948 iustitiae,
1091 872 1202 936 babens
1222 887 1275 951 pro

101 972 221 1035 obiecto
241 973 379 1035 bonorum
405 970 467 1036 Deo
491 974 622 1037 debitum
649 980 768 1053 propter·
797 987 946 1035 summam
971 972 1037 1033 eius
1062 970 1274 1034 excellentiam.

105 1068 187 1148 Ergo
207 1068 283 1132 male
303 1071 463 1132 assumitur
477 1071 515 1133 ad
536 1070 808 1150 comprehendenda
830 1069 928 1134 officia
949 1070 1057 1145 omnia,
1079 1083 1155 1148 quae
1176 1067 1273 1132 Deum

102 1173 250 1245 spectant.

144 1260 182 1325 R.
209 1260 347 1327 Concedo
367 1262 558 1342 antecedens,
579 1273 610 1329 et
629 1284 708 1346 ocgo
728 1283 928 1344 consequens.

142 1358 268 1439 Religio,
293 1360 362 1424 iicet
383 1362 423 1424 sit
447 1363 540 1426 virtus
561 1364 710 1441 specialis,
732 1371 764 1425 ut
788 1372 872 1427 namt
896 1364 1032 1437 obiectio,
1057 1372 1154 1425 tamen
1185 1362 1276 1425 babet

100 1458 264 1537 quamdam
291 1460 511 1538 generalitatem
539 1462 650 1525 ratione
680 1463 807 1542 imperii,
834 1462 913 1541 quod
941 1468 1058 1525 exercet
1085 1462 1165 1524 circa
1191 1467 1276 1524 actus

100 1556 230 1618 aliarum
252 1556 404 1621 virtutum.
431 1579 449 1615 e
470 1554 546 1620 Nam
569 1559 672 1634 virtus,
693 1568 726 1623 ut
750 1560 886 1623 observat
914 1557 944 1623 S.
966 1558 1104 1632 Thomas,
1125 1559 1163 1621 ad
1184 1574 1273 1637 quam

105 1655 231 1732 pertinet
251 1655 330 1729 linis,
350 1656 475 1733 imperat
497 1657 667 1738 virtutibus,
681 1658 718 1721 ad
733 1674 809 1736 quas
830 1659 977 1736 pertinent
996 1672 1042 1731 ea,
1057 1672 1133 1736 quae
1146 1664 1215 1719 sunt
1235 1657 1274 1718 ad

105 1754 202 1815 finem.
217 1774 236 1809 »
257 1750 335 1817 Hinc
349 1761 469 1832 propter
483 1756 562 1818 bunc
577 1756 768 1818 universalem
790 1764 970 1835 respectum,
984 1762 1015 1817 ct
1036 1762 1155 1834 propter
1169 1769 1273 1818 nomen

103 1848 278 1929 Religionis,
302 1851 460 1914 deductum
482 1868 499 1913 a
522 1854 647 1928 vinculo,
668 1870 726 1932 quo
747 1855 960 1933 obstringimur
979 1850 1051 1928 Deo,
1072 1870 1137 1917 eam
1158 1870 1274 1916 assum·

103 1949 219 2027 psimus
240 1956 389 2027 tamquam
414 1958 502 2029 caput
523 1952 698 2030 officiorum,
719 1968 794 2031 quae
819 1953 963 2016 babemus
984 1968 1054 2034 erga
1077 1952 1183 2029 Deum,
1205 1971 1273 2018 cum

104 2044 244 2124 possibile
265 2062 321 2110 nou
342 2048 381 2109 sit
401 2048 438 2111 de
458 2050 594 2113 omnibns
616 2050 785 2129 singillatim
809 2052 961 2115 disserere.

149 2142 243 2207 Obiic.
255 2142 305 2210 lll.
317 2144 390 2208 Pars
404 2146 563 2210 theoretica
576 2147 723 2228 religionis
737 2150 830 2212 ardua
845 2158 891 2212 est
903 2151 1064 2229 vestigatu;
1079 2150 1272 2229 coguitionem

110 2244 184 2305 enirn
200 2244 407 2322 complectitur
419 2244 526 2308 obiecti
540 2244 676 2307 altissimi
691 2255 721 2309 et
735 2248 961 2320 abstrusissimi,
975 2248 1070 2327 qualis
1083 2249 1212 2326 prolecto
1226 2257 1273 2311 est
1320 2245 1325 2255 '

109 2337 197 2403 Deus.
219 2339 300 2420 Ergo
320 2342 358 2404 ad
379 2342 426 2405 ius
447 2351 578 2417 naturae,
599 2344 676 2423 quod
701 2359 803 2407 omnes
826 2346 961 2424 quamvis
985 2345 1119 2408 indoctos
1139 2346 1272 2425 respicit,

107 2440 250 2517 pertinere
272 2455 328 2505 nou
348 2448 452 2518 potest.

143 2534 180 2599 R.
195 2534 367 2617 Disliopuo
388 2536 587 2601 ancedeus.-
603 2538 704 2601 Ardua
719 2547 766 2601 est
787 2540 946 2619 vestigato,
959 2540 1057 2619 quoad
1077 2541 1271 2619 coguitionem

106 2635 335 2716 exquisitiorem,
350 2634 497 2713 cooccdo‚·
519 2636 616 2714 quoad
635 2637 764 2711 obviam,
784 2654 871 2717 nego⁴

144 2734 220 2799 Pars
242 2736 401 2799 theoretica
422 2734 579 2814 religionis,
599 2750 651 2798 seu
673 2752 761 2799 verax
782 2732 837 2798 Dei
859 2736 997 2815 cognitio,
1011 2744 1156 2815 quatenus
1177 2737 1271 2817 alege

105 2842 227 2897 naturae
247 2833 373 2906 iubetur,
387 2848 443 2895 non
464 2833 639 2912 exquisitam
661 2840 690 2896 et
704 2834 885 2897 reconditam
900 2835 1031 2913 supremi
1046 2830 1184 2898 Numinis
1197 2835 1273 2898 noti-

105 2934 175 2996 tiam
191 2931 293 3011 exigit,
307 2932 359 2994 sed
374 2931 524 3011 vulgarem
540 2938 664 3005 tautum,
679 2947 755 3010 quae
770 2933 808 2994 ab
822 2932 959 2994 omuibus
981 2934 1128 2995 communi
1144 2934 1270 3011 quadam

90 3030 256 3113 ,diligentia
277 3029 401 3094 obtineri
422 3036 528 3108 potest.
549 3026 646 3104 Quare
667 3029 705 3092 ad
730 3030 929 3093 abstrusiores
949 3029 1124 3109 altioresque
1145 3032 1272 3110 vestiga·

104 3131 209 3204 tiones,
222 3127 382 3209 generatim
403 3142 459 3190 non
480 3126 574 3205 cogit;
596 3127 648 3189 sed
669 3134 784 3189 tantum
800 3128 837 3189 ad
859 3143 919 3207 eas,
940 3143 1016 3206 quae
1039 3128 1205 3195 diuinorum
1227 3136 1272 3191 at-

104 3228 284 3304 tributorum
297 3225 528 3305 intelligentiam,
543 3225 646 3287 mediis
666 3225 763 3289 obviis
779 3226 1019 3303 comparandam,
1033 3234 1062 3289 et
1082 3226 1120 3289 ad
1135 3234 1214 3290 recte
1234 3226 1271 3289 de

105 3323 166 3388 Deo
186 3324 367 3388 sentiendum
388 3325 473 3402 eique
492 3322 710 3386 convenientem
738 3322 852 3386 cultum
880 3324 1087 3402 praestandum
1113 3325 1271 3387 sufficiant.

105 3420 245 3487 Subtilior
264 3418 361 3507 autem
385 3420 438 3485 Dei
459 3419 596 3500 cognitio,
617 3434 693 3497 quae
714 3421 848 3484 studium
863 3429 1036 3484 accuratum
1056 3429 1086 3484 et
1107 3421 1210 3500 longas
1223 3438 1272 3485 ra·

106 3522 306 3587 tiocinationcs
320 3520 456 3598 exquirit,
471 3518 609 3583 scientiae
628 3525 673 3581 est
688 3519 821 3597 propria,
845 3535 920 3597 quae
942 3520 1070 3597 praecipi
1085 3520 1267 3597 nequit,‘nisi

104 3621 143 3685 iis
158 3620 208 3699 qui
221 3620 334 3682 ratione
349 3618 395 3681 sui
410 3620 537 3680 muueris
557 3617 596 3679 ad
611 3619 814 3697 profundiores
832 3617 1071 3696 difficilioresque
1084 3618 1270 3697 quaestiones
1374 3655 1376 3658 -

102 3732 203 3781 rerum
223 3715 390 3780 divinarum
411 3714 576 3777 enodandas
598 3722 742 3778 tenentur.
758 3712 919 3794 Praecepta
940 3716 1058 3795 enimn
1079 3719 1191 3779 ratione
1208 3732 1271 3781 ma·

103 3817 212 3889 nantia,
232 3813 392 3877 conditioni
405 3822 435 3876 et
457 3813 568 3876 viribus
583 3812 765 3891 singulorum
786 3820 946 3893 aptantur3
967 3828 1061 3891 neque
1081 3812 1111 3875 id
1131 3822 1270 3893 expetere

104 3921 227 3992 possunt
247 3913 286 3975 ab
305 3910 451 3983 omnibus,
472 3911 551 3989 quod
571 3925 672 3974 omues
687 3926 788 3974 revera
811 3918 962 3989 praestare
984 3920 1138 3989 nequeunt.
1161 3909 1271 3987 Quare,

103 4026 170 4074 cum
191 4010 279 4074 rudes
299 4017 351 4072 aut
371 4008 486 4089 iugenio
500 4016 629 4082 careant,
648 4018 700 4071 aut
720 4008 848 4084 cultura,
869 4022 945 4087 quae
967 4007 1066 4072 studio
1087 4011 1268 4088 acquiritur;

149 4204 183 4266 u>
201 4204 316 4253 Summa
333 4203 369 4252 m.
385 4172 425 4253 ee
438 4201 489 4252 eae
504 4216 527 4266 q.
544 4162 654 4260 cxxxx
670 4217 686 4251 a
701 4201 724 4251 o.
740 4200 773 4251 aa
788 4200 835 4251 em
