3159 4934
484 273 567 316 aanor
584 274 610 315 ιι.
628 274 663 316 nn
681 273 822 316 socrnmrn
840 275 918 318 ιιιιιι
1229 267 1284 323 ata

115 396 187 445 cnm
208 382 307 460 ipsum
329 383 418 446 veluti
428 392 549 462 »partem
564 387 673 450 efficiat
686 387 754 450 novi
768 389 915 467 corporis;
937 400 967 453 ιι
981 408 1088 455 novum
1105 394 1281 472 principium

111 479 229 542 ordinis
255 481 393 559 exquirit,
421 498 479 560 quo
500 483 573 548 socii
602 485 640 547 ad
661 501 845 551 communem
867 503 990 568 scopum
1012 499 1101 569 atque
1123 491 1281 555 utilitatem

112 576 264 640 stabiliter
284 578 458 657 dirigantur.

155 669 203 738 30.
227 673 434 746 tractationis
462 676 594 764 partitio.
617 679 660 746 De
688 683 744 745 bae
769 682 860 761 igitur
886 680 1031 748 Suietate
1058 686 1087 747 in
1110 688 1166 749 hoc
1188 686 1284 764 capite

111 774 262 839 disserere
281 787 356 854 opus
377 787 431 852 est,
451 786 485 841 nt
504 779 714 857 dignoscamus
734 798 810 859 qnae
830 783 895 843 iura
920 790 950 843 ιι
970 782 1067 846 officia
1088 783 1192 846 exinde
1218 799 1286 861 pro-

112 875 217 936 tluant.
245 871 330 948 Quod
358 882 391 937 ut
418 876 546 939 breviter
573 885 603 939 et
630 877 762 941 ordinate
790 880 852 954 ilat,
881 881 956 944 baec
986 882 1172 958 potissimum
1201 882 1285 945 nobis

113 971 289 1050 explicanda
318 971 469 1035 videntur:
492 976 631 1038 nimirum
652 972 756 1037 Civilis
777 973 933 1040 societatis
953 981 1045 1060 origo,
1068 996 1118 1043 seo
1141 996 1186 1054 us,
1207 988 1286 1042 strn-

116 1077 211 1172 ctum,
224 1071 336 1133 formae
357 1071 517 1150 regiminis,
534 1078 664 1150 potestas
684 1074 808 1154 eiusque
828 1063 1031 1167 lunationes,
1016 1079 1112 1141 officia
1134 1080 1210 1141 inter
1230 1079 1286 1139 im·

116 1176 265 1280 parantem
294 1176 331 1277 et·
350 1169 492 1232 subditos.
514 1168 561 1234 Ex
582 1186 640 1249 quo
662 1179 751 1283 patet,
772 1174 896 1236 anobis
918 1174 968 1238 bic
991 1165 1163 1239 tractanda
1172 1175 1285 1288 suscipi

115 1377 193 1440 qnae
207 1361 326 1425 civilem
342 1365 511 1524 societatem
526 1367 687 1444 generatim
706 1370 879 1446 respiciunt,
893 1378 981 1450 atquc
1001 1373 1138 1437 omnibns
1153 1371 1287 1437 Statibus

115 1461 284 1523 communia
307 1461 398 1540 sunt(
420 1461 439 1538 l.

598 1722 767 1790 Aarrcnnus
783 1725 808 1789 t.

416 1855 466 1920 De
486 1857 630 1924 naturali
647 1860 781 1924 luminas
801 1862 985 1927 socialitate.

159 2050 207 2116 31.
223 2051 318 2121 Error
333 2053 577 2140 protestantium.
593 2057 740 2122 Auctores
753 2060 815 2122 iere
835 2075 936 2123 omnes
958 2067 1162 2140 protestantes,
1181 2062 1234 2139 qui
1249 2061 1286 2123 de

118 2149 183 2214 iure
196 2151 322 2214 naturali
337 2153 528 2232 scripserunt,
543 2155 657 2218 'civilem
674 2157 844 2220 societatem
859 2150 975 2221 nonnisi
990 2176 1007 2221 a
1024 2158 1114 2254 Q
1132 2161 1286 2222 hominum

119 2251 308 2314 conuentione
329 2252 507 2316 derivarunt.
530 2251 606 2316 Hinc
627 2256 819 2333 hypothesim
841 2259 946 2318 status
970 2259 1114 2331 acturae,
1137 2263 1170 2317 nt
1193 2255 1288 2328 aiunt,

120 2364 186 2412 com
219 2349 368 2425 entisnnt
382 2367 438 2429 qua
455 2352 637 2414 homoextra
653 2353 834 2416 consortium
849 2354 1149 2426 ceterorumvivereh
1163 2368 1289 2430 eamque
1376 2368 1379 2373 ·

118 2447 170 2509 alii
194 2455 226 2508 ut
246 2445 368 2524 factum
388 2447 474 2523 reale
495 2448 544 2512 alii
566 2457 598 2511 nt
620 2449 712 2513 solam
734 2450 897 2545 fictionem,
920 2450 1081 2514 scientifice
1105 2449 1288 2528 requisitam,

122 2552 346 2623 proposuerunt.
361 2545 416 2610 Sed
433 2546 608 2624 posteriores
623 2548 677 2610 hos
691 2529 832 2612 retollere
836 2564 892 2610 non
906 2557 1033 2626 oportet;
1057 2564 1125 2611 cnm
1148 2547 1224 2609 satis
1237 2561 1290 2624 per

121 2658 152 2706 se
174 2641 293 2717 clareat
315 2643 472 2721 pessimam
494 2658 559 2706 esse
580 2644 805 2724 philosophandi
827 2647 985 2709 rationem:
1007 2647 1176 2709 fictionibus
1191 2644 1235 2706 nti
1250 2645 1288 2707 ad

121 2755 221 2803 rerum
244 2752 379 2803 naturam
392 2749 423 2805 ct
436 2741 592 2806 relationes
612 2743 861 2807 internoscendas.
877 2741 988 2806 Poterit
1003 2743 1104 2822 ntique
1123 2757 1206 2804 mens
1220 2741 1290 2803 abs-

122 2839 266 2902 tractione
287 2855 351 2913 sua,
371 2840 400 2900 in
422 2839 535 2903 obiecto
556 2841 634 2918 quod
653 2841 878 2918 contemplatur,
893 2848 1045 2919 respectus
1066 2840 1164 2905 vados
1184 2838 1289 2902 distin-

121 2954 224 3020 guere,
243 2946 331 3017 atque
351 2938 554 3017 cogitationem
573 2940 612 3002 ab
628 2955 685 3002 uno
699 2955 823 3003 avocare
836 2945 867 3003 et
886 2941 923 3003 ad
949 2938 1039 3002 alium
1061 2945 1239 3004 convertere.
1256 2934 1290 3000 ld

122 3052 178 3100 nan
205 3036 291 3099 modo
317 3037 389 3100 utile
416 3037 467 3099 sed
494 3036 691 3100 necessarium
719 3038 892 3116 plerumque
919 3037 1035 3117 estad
1057 3053 1118 3101 rem
1140 3035 1289 3114 gradatim

121 3133 346 3198 examinandam
367 3141 397 3196 et
417 3133 585 3197 distinctius
613 3135 925 3214 comprehendendam.
950 3134 992 3198 ht
1011 3135 1125 3199 labellis
1149 3132 1290 3196 delectari

122 3241 154 3296 ct
168 3234 393 3311 hypothesibus,
407 3247 482 3311 quae
496 3233 717 3301 commentitiae
732 3249 853 3320 prorsus
867 3235 941 3308 sint;
957 3232 988 3295 id
1002 3234 1108 3296 nedum
1131 3233 1289 3294 utilitatem

122 3331 235 3396 nnllam
250 3332 344 3410 affert,
360 3331 411 3394 sed
425 3328 532 3394 obiecti
549 3331 771 3418 vestigationem
786 3332 948 3406 contundit,
961 3338 991 3394 et
1004 3329 1088 3394 falsis
1109 3328 1291 3391 illationibus

126 3431 228 3510 pandit
241 3429 363 3492 aditum.
379 3427 485 3492 Restat
498 3429 590 3507 igitur
605 3438 638 3491 ut
651 3445 754 3493 eorum
770 3438 884 3492 mutum
895 3428 1069 3492 sententiam
1085 3426 1291 3499 discutiamus,

124 3532 176 3610 qui
192 3533 309 3592 statum
324 3529 409 3591 illum
421 3533 558 3591 acturae
568 3544 624 3591 non
640 3536 790 3609 tamqnam
806 3527 954 3598 fictitium.
966 3527 1016 3590 sed
1031 3534 1182 3606 tamquam
1197 3524 1292 3586 histo-

127 3629 220 3692 ricum
242 3628 439 3706 protulerunt;
452 3626 528 3689 inter
542 3643 617 3706 qnos
632 3628 787 3706 praecipue
801 3627 929 3690 eminent
943 3623 1064 3688 Hobhes
1078 3633 1108 3687 ιι
1129 3622 1293 3688 Roussean.

174 3841 209 3904 (l)
220 3841 296 3890 Notio
308 3841 386 3890 Iuris
393 3840 500 3904 prrbb'cr'
511 3841 619 3903 primurn
631 3838 691 3888 duta
702 3846 740 3889 est
752 3839 784 3888 ab
800 3839 910 3902 Ulpiano
926 3837 973 3887 illis
991 3837 1085 3887 verbis:
1097 3854 1111 3880 «
1122 3835 1203 3885 Huius
1215 3836 1292 3885 studii

126 3926 231 3986 (nempe
250 3922 341 3980 Iuris)
358 3921 423 3970 duae
439 3926 499 3970 sunt
518 3920 667 3984 positiones:
684 3920 828 3982 publicum
844 3926 871 3968 et
882 3919 1031 3981 priuatum.
1047 3916 1179 3966 Publicum
1195 3916 1235 3965 ins
1252 3923 1293 3965 est

126 4003 194 4068 quod
211 4002 244 4053 ad
261 4003 362 4052 Statum
377 4001 414 4050 rei
425 4001 557 4050 &menae
567 4006 675 4062 spectat3
690 3999 816 4062 privatum
828 3997 896 4062 quod
909 3997 942 4047 ad
953 3997 1110 4061 singulorum
1122 3996 1263 4046 utilitatem.
1276 4015 1290 4040 »

126 4085 310 4148 Digestorum,
322 4082 336 4130 l.
347 4081 366 4142 l,
383 4095 404 4131 c.
416 4080 442 4140 13
459 4085 484 4129 et
500 4079 726 4128 Institutiom'bus
742 4078 905 4132 Iustiniani,
918 4076 1025 4138 l.1‚c.1.

172 4165 246 4215 Unde
263 4164 305 4213 Ius
324 4160 393 4220 hlud,
409 4159 477 4223 quod
498 4174 549 4209 non
571 4157 603 4207 ad
625 4158 708 4207 solnm
727 4158 835 4206 Statum
856 4157 897 4205 rei
913 4158 1051 4207 &manac
1069 4157 1114 4208 sed
1137 4158 1169 4207 ad
1187 4158 1294 4207 Statum

126 4243 342 4306 uniuscuiusque
352 4240 525 4305 Reipublicae
535 4245 643 4302 spectat,
655 4238 745 4287 merito
756 4237 812 4285 dici
822 4242 912 4300 potest.
924 4239 974 4287 Ius
981 4238 1121 4302 publicum
1131 4239 1294 4289 universale.
