3159 4934
475 792 620 914 runs
650 796 863 895 renum

187 988 269 1069 IUS
297 988 759 1069 lurnRNATIONALn
786 990 887 1071 SEU
915 992 1152 1072 GirNTIUM

532 1540 804 1609 INTRODUCTIO

121 1738 304 1818 Principium
325 1739 507 1814 socialitatis,
527 1755 586 1819 quo
607 1740 740 1803 bomiues
760 1741 945 1815 imbuuntur,
966 1755 1021 1804 non
1047 1742 1108 1804 sola
1130 1743 1252 1804 civitate

77 1846 133 1901 aut
146 1838 263 1901 natione
277 1853 310 1900 se
325 1839 458 1911 cobibet;
471 1838 534 1912 scd,
545 1839 721 1902 contendeus
736 1838 871 1912 ulterius,
885 1840 922 1901 ad
938 1839 1132 1903 universalem
1148 1854 1253 1917 quarn-

78 1936 150 1999 dam
172 1936 417 1999 consociationem
437 1936 567 2012 iuclinat,
589 1952 659 2015 qua,
680 1951 735 1999 non
756 1936 815 1999 iarn
838 1953 979 2016 personae
1000 1938 1168 2001 individuae
1183 1954 1251 2001 cum

77 2033 242 2097 individuis
255 2040 308 2096 aut
321 2034 453 2096 iamiliae
466 2049 534 2095 cum
549 2033 679 2113 familiis,
694 2034 746 2096 sed
760 2050 850 2112 regna
873 2036 937 2112 ipse
959 2043 988 2098 et
1010 2035 1110 2115 pupuli
1125 2035 1251 2099 invicem

77 2131 266 2210 colligentur.
288 2128 354 2195 Hac
375 2131 533 2195 universali
554 2132 694 2195 societate
714 2133 807 2197 torma
835 2132 938 2195 ultima
959 2134 1115 2197 exhibetur
1128 2134 1253 2197 humani

78 2229 210 2304 ordinis3
230 2232 292 2309 qui,
314 2238 346 2290 ut
368 2237 491 2292 naturae
506 2228 589 2307 plene
604 2230 776 2303 consentiat,
798 2230 933 2293 bomines
958 2247 1014 2293 uon
1035 2232 1121 2295 modo
1135 2232 1250 2309 aliquos

76 2326 158 2390 inter
184 2344 226 2402 se,
255 2328 305 2391 sed
332 2343 443 2404 omnes,
471 2334 615 2405 quotquot
637 2335 746 2390 terram
770 2324 912 2401 incolunt,
933 2328 1030 2406 quoad
1051 2328 1249 2406 operationem

79 2425 222 2499 devincit,
243 2425 492 2504 quemadmodum
510 2424 673 2488 similitudo
689 2425 827 2502 specifica
849 2440 898 2488 eos
918 2425 976 2487 iam
1000 2435 1067 2487 ante
1087 2426 1185 2504 quced
1201 2441 1251 2488 ua·

79 2533 179 2587 turam
201 2524 359 2603 copulavit.
382 2522 456 2596 Nec,
477 2524 535 2586 nisi
558 2532 713 2603 postquam
731 2524 769 2585 ad
785 2524 955 2587 societatem
969 2524 1113 2587 eiusmodi
1130 2530 1250 2586 ventum

76 2623 149 2696 erit,
168 2622 391 2685 incitamentum
414 2628 536 2684 naturae
560 2621 705 2697 cessabit;
726 2638 803 2701 quae
824 2631 856 2684 ut
879 2622 1011 2685 homines
1032 2621 1197 2701 singulares
1212 2622 1250 2683 ad

77 2720 253 2782 societatem
282 2717 484 2793 domesticam,
509 2727 598 2797 atque
625 2721 701 2783 banc
728 2720 765 2781 ad
795 2720 912 2783 civilem
940 2720 1074 2797 impellit,
1100 2720 1144 2783 sic
1169 2720 1250 2799 ipsas

77 2818 184 2881 civiles
197 2818 354 2881 societates
365 2817 403 2880 ad
416 2833 524 2881 novam
539 2833 663 2896 eamque
676 2818 854 2881 latissimam
869 2828 899 2881 et
911 2822 1037 2883 maxime
1051 2827 1250 2898 praestantem

76 2917 260 2981 iunctionem
288 2926 450 2995 promovet,
480 2924 513 2979 ut
540 2915 652 2977 mutuis
680 2916 835 2994 implendis
862 2916 969 2981 officiis
989 2918 1076 2980 finem
1098 2918 1250 2997 proprium

77 3025 204 3079 naturae
223 3015 378 3079 rationalis
398 3012 549 3092 copiosius
563 3022 769 3092 assequentur.

118 3112 198 3178 Hinc
219 3116 268 3177 ius
287 3112 421 3193 exsurgit
442 3112 675 3191 internetionale,
695 3111 775 3190 quod
795 3111 986 3177 relationibus
1008 3114 1162 3191 respondet
1176 3113 1251 3178 inter

76 3220 195 3292 gentem
218 3228 307 3274 unam
331 3220 362 3273 et
382 3211 519 3283 alteram,
539 3217 569 3272 ct
590 3210 677 3271 cuius
697 3209 842 3286 principia
867 3209 897 3271 in
927 3211 983 3273 bec
1012 3217 1157 3288 postrema
1178 3211 1251 3273 iuris

78 3309 201 3372 socialis
217 3318 299 3387 parte
316 3309 446 3372 breviter
459 3307 677 3387 explicabimus
692 3304 744 3385 (l).
760 3305 817 3369 Sed
839 3315 905 3369 ante
920 3308 1141 3387 perspicuitatis
1155 3308 1250 3387 gratia

75 3408 142 3470 eius
164 3406 245 3471 notio
266 3406 435 3469 distinctius
456 3406 597 3467 tradenda
620 3412 677 3467 est.

119 3505 186 3583 Age
206 3506 266 3566 iam
287 3504 324 3566 de
346 3505 410 3566 iure
430 3504 561 3582 gentium
584 3502 628 3566 sie
650 3502 780 3565 nonnulli
806 3502 1019 3579 disseruerunt,
1035 3510 1068 3565 ut
1081 3500 1195 3580 opinari
1207 3502 1250 3564 vi·

74 3603 218 3665 derentur
238 3600 311 3663 illud
330 3617 348 3662 a
370 3600 519 3664 voluntate
540 3601 728 3679 populorum,
750 3601 840 3663 rebus
867 3600 1064 3678 exigentibus,
1085 3600 1249 3663 derivatum

73 3715 154 3763 esse.
178 3698 210 3763 ln
231 3701 288 3762 boc
310 3714 431 3762 numero
452 3714 508 3761 non
528 3699 677 3763 immerito
697 3699 862 3764 collocatur
883 3696 1013 3771 Grotius,
1033 3696 1085 3775 qui
1105 3690 1135 3758 iu
1157 3696 1252 3773 prole·

76 3797 211 3877 gomenis
235 3797 283 3859 sui
311 3795 408 3874 operis
435 3797 471 3859 de
498 3812 532 3859 eo
558 3797 622 3860 iure
648 3796 692 3859 sic
716 3797 864 3875 loquitur:
886 3816 904 3853 e
920 3792 977 3858 Sed
1006 3793 1085 3858 sieut
1106 3795 1249 3871 cuiusque

124 3988 162 4053 (1)
178 3989 235 4039 Vox
249 4005 316 4053 pene
333 3997 377 4039 eut
393 3990 470 4038 natio
486 3989 652 4053 etymologice
668 3990 785 4053 exprimit
802 3988 990 4039 multitudinem
1005 3988 1136 4038 homiuum
1152 3986 1184 4037 ub
1200 4003 1252 4037 uno

74 4070 163 4134 stipite
180 4070 346 4134 generatione
363 4069 510 4118 derivatam.
527 4069 569 4118 Sic
583 4069 691 4119 Hebraei
703 4070 820 4119 dicuutur
833 4069 987 4118 constituere
1004 4074 1105 4130 gentem
1119 4082 1194 4117 unam
1206 4074 1251 4117 eut

75 4150 209 4199 nationem
226 4164 309 4208 unam,
326 4148 384 4197 licet
401 4163 446 4211 per
461 4154 542 4197 totum
560 4149 648 4197 orbem
665 4149 777 4212 dispersi.
789 4149 840 4197 Sed
852 4147 969 4197 iuridice
982 4150 1041 4212 (quo
1053 4163 1128 4199 sensu
1139 4148 1181 4199 hie
1195 4163 1252 4198 eam

74 4228 212 4287 sumimus)
223 4226 359 4276 adhibetur
370 4226 403 4275 ed
414 4226 607 4289 significandum
619 4227 747 4292 populum,
759 4227 802 4290 qui
813 4226 909 4276 uirilem
922 4228 1069 4278 societatem
1086 4228 1208 4289 efformet,
1220 4230 1252 4278 ab

74 4306 128 4357 elie
144 4306 368 4372 independentem.
