3159 4934
242 322 326 365 carus
345 322 371 363 n.
389 322 424 363 nn
442 321 606 364 ornaarroun
623 322 733 364 rrnuurta
753 321 839 365 ruour
857 321 1008 365 ounruarua
1026 323 1054 364 ru
1072 320 1149 365 rrunu
1246 308 1280 364 79

116 436 218 499 habeat
230 436 261 496 in
270 434 411 497 facultate
421 433 610 498 intellectiva.
623 431 823 498 Nihilominus
837 450 904 496 cum
917 435 1059 512 respiciat
1072 437 1278 500 rectitudinem

115 532 332 611 impertiendam
343 533 461 595 actibus
470 531 631 612 moralibus
641 541 671 594 et
682 540 831 611 supponat
842 532 1021 595 voluntatem
1033 534 1105 597 bene
1115 534 1278 599 ordinatam

115 633 189 695 circa
202 632 300 704 linem,
316 630 477 708 participat
493 604 634 693 rationen't
648 630 738 691 etiam
759 630 879 693 virtutis
900 631 1028 695 moralis.
1052 654 1069 689 ‹
1083 632 1131 694 Ad
1154 634 1281 710 pruden·
1323 616 1329 626 ¹

116 729 192 802 tiam,
206 728 248 789 alt
262 725 292 790 S.
307 724 448 801 Thomas,
469 727 595 806 pertinet
614 727 774 805 applicatio
797 734 895 791 rectae
909 729 1030 793 rationis
1045 730 1083 792 ad
1097 745 1185 808 opus;
1201 732 1279 809 quod

114 842 168 889 nou
187 827 221 887 tit
241 826 303 887 sine
332 827 466 904 appetitu
489 832 578 889 recto.
599 824 641 889 Et
660 826 726 889 ideo
747 826 901 904 prudentia
927 841 984 889 non
1007 827 1102 890 solum
1123 828 1212 891 habet
1233 844 1280 891 ra·

18 913 19 922 ’
115 925 216 986 tionem
237 923 368 998 virtutis,
389 940 478 1002 quam
499 925 612 987 liabent
631 923 707 987 aliae
727 923 853 987 virtutes
874 924 1103 1000 intellectualem
1126 925 1279 989 sedetiam

117 1022 202 1083 habet
221 1023 365 1083 rationem
386 1021 517 1095 virtutis,
537 1036 629 1101 qnam
650 1022 761 1085 habent
779 1022 859 1085 aliae
880 1024 1003 1087 virtutes
1024 1022 1157 1099 morales,
1172 1024 1280 1101 quibus

114 1120 199 1182 etiam
219 1129 448 1184 connumeratur
463 1117 515 1198 (l).
530 1141 547 1176 »

18 1297 19 1304 ἵ
152 1215 288 1299 810111
312 1215 437 1285 lustitia.
452 1216 570 1283 lustitia
586 1219 754 1282 immediate
768 1219 860 1281 afficit
875 1218 1065 1293 voluntatem,
1081 1227 1111 1283 et
1124 1236 1141 1281 a
1154 1218 1281 1299 lurispe-

17 1311 18 1342 ³
114 1317 177 1379 ritis
197 1317 348 1380 definitur:
366 1315 526 1396 Perpetua
539 1318 570 1378 et
583 1320 731 1379 mustum
745 1313 892 1379 uoluntas
911 1316 961 1378 ius
982 1334 1074 1379 suum
1095 1318 1204 1397 cuique
1225 1320 1281 1382 tri·

114 1413 230 1479 meoet.
252 1413 318 1477 Hoc
339 1431 426 1478 sensu
447 1415 594 1493 accipitur
608 1423 642 1477 ut
657 1414 794 1492 specialis
814 1414 960 1493 quaedam
982 1416 1087 1493 virtus,
1108 1418 1279 1481 rationalem

114 1514 272 1592 appetitum
293 1513 437 1575 inclinans
464 1511 502 1574 ad
529 1512 705 1590 praestanda
733 1528 778 1584 ea,
806 1527 883 1590 quae
909 1512 985 1575 ratio
1012 1514 1186 1590 praescribit
1206 1522 1282 1577 tam·

112 1626 197 1688 quam
218 1610 304 1673 alteri
326 1595 534 1717 debita.[Nam
559 1611 585 1671 si
606 1610 696 1673 latius
711 1610 788 1671 sumi
804 1608 891 1672 vellet
906 1625 959 1687 pro
974 1611 1119 1673 constanti
1133 1612 1281 1676 voluntate

113 1708 213 1787 agendi
227 1710 312 1771 iuxta
326 1701 501 1784 ordinem,‘a
516 1706 722 1772 recuratione
741 1708 934 1785 propositum,
949 1708 1121 1787 generalem„
1132 1710 1279 1789 quandam

112 1807 256 1872 notionem
278 1810 397 1869 virtutis
416 1809 545 1881 olierret,
566 1808 623 1869 111
650 1823 708 1885 qua
737 1805 868 1883 reliquae
893 1808 1018 1870 virtutes
1044 1808 1180 1883 morales,
1207 1814 1282 1870 tam·

113 1921 197 1983 quam
217 1907 334 1983 species
357 1906 538 1984 subponere
559 1906 785 1968 continerentur.
831 1985 834 1990 Ι

147 2002 214 2067 Alio
228 2004 320 2067 etiam
332 2019 421 2067 sensu
435 2003 538 2066 haberi
561 2002 635 2066 solet
655 2010 688 2065 ut
709 2003 804 2066 virtus
827 2002 983 2081 generalis,
999 2010 1144 2081 quatenus
1166 2019 1231 2084 non,
1247 2012 1280 2066 ut

111 2117 199 2181 genus
212 2102 340 2181 species,
355 2102 428 2164 alias
443 2102 569 2165 virtutes
583 2100 805 2180 complectatur,
822 2101 874 2163 sed
889 2102 927 2165 ab
941 2100 978 2164 iis
992 2101 1133 2163 distincta
1149 2116 1282 2176 manens,

109 2215 206 2263 earum
235 2208 321 2262 actus
349 2199 387 2261 ad
417 2201 525 2262 donum
550 2215 704 2263 commune
729 2199 852 2262 ordinet.
874 2196 970 2273 Quam
1000 2215 1063 2260 rem
1087 2200 1130 2261 sic
1151 2198 1280 2276 explicat

112 2293 138 2359 S.
159 2294 305 2361 Thomas:
323 2296 483 2370 «lustitia,
503 2297 579 2359 siout
599 2297 712 2359 dictum
733 2303 789 2370 est,
810 2297 927 2359 ordinat
947 2296 1094 2359 hominem
1116 2297 1145 2358 in
1160 2311 1281 2373 compa-

112 2396 220 2459 ratione
242 2395 280 2457 ad
300 2394 406 2456 alium:
425 2394 503 2473 quod
525 2394 644 2473 quidem
661 2401 756 2472 potest
776 2408 841 2457 esse
862 2393 1028 2472 dupliciter.
1044 2391 1109 2457 Uno
1131 2393 1226 2466 modo,
1240 2393 1278 2455 ad

112 2492 197 2556 alium
225 2492 418 2570 singulariter
440 2492 671 2567 consideratum
692 2492 751 2554 alio
771 2492 868 2565 modo,
890 2491 1037 2554 edulium
1062 2491 1092 2553 iu
1120 2492 1280 2563 communi,

112 2592 273 2654 secundum
289 2591 405 2654 scilicet
417 2591 498 2670 quod
511 2590 570 2664 ille,
581 2591 632 2669 qui
647 2590 741 2653 servit
752 2590 842 2653 alicui
856 2588 1070 2662 communitati,
1084 2590 1174 2651 servit
1188 2589 1282 2651 omni-

115 2689 167 2751 111
186 2688 359 2751 hominibus
378 2689 430 2767 qui
451 2690 508 2751 sub
530 2689 740 2750 communitate
759 2688 811 2750 illa
832 2687 1023 2749 continentur.
1048 2683 1097 2747 Ad
1122 2693 1280 2762 utrumque

114 2802 182 2867 ergo
193 2804 226 2851 se
237 2793 334 2864 potest
346 2787 455 2849 nabere
464 2785 580 2849 iustitia
591 2786 752 2848 secundum
765 2785 914 2863 propriam
929 2784 1079 2847 rationem.
1094 2781 1282 2847 Manilestum

110 2894 155 2947 est
172 2894 277 2948 autem
290 2885 372 2963 quod
385 2899 487 2947 omnes
506 2884 559 2963 qui
580 2885 637 2948 sub
658 2882 868 2946 communitate
882 2880 980 2960 aliqua
995 2881 1188 2955 continentur,
1203 2896 1284 2944 com-

113 2990 255 3059 parantur
269 2983 307 3044 ad
320 2985 564 3044 communitatem
580 2981 657 3044 sicut
672 2989 771 3059 partes
784 2980 822 3042 ad
838 2988 940 3043 totum.
956 2977 1030 3043 Pars
1043 2987 1141 3043 autem
1157 2980 1186 3041 id
1202 2980 1280 3057 quod

110 3088 165 3154 est,
178 3082 271 3145 totius
284 3087 344 3153 est;
360 3080 479 3143 undeet
495 3078 648 3157 quodlibet
661 3080 769 3141 bouum
786 3079 879 3156 partis
892 3084 937 3141 est
950 3076 1114 3140 ordinabile
1127 3076 1157 3139 in
1172 3076 1280 3139 bonum

111 3181 206 3243 totius.
223 3178 390 3243 Securulum
417 3181 474 3241 lroc
498 3192 569 3255 ergo
593 3179 700 3240 bonum
725 3176 885 3239 cuiuslibet
898 3176 1018 3239 virtutis
1033 3176 1095 3238 sive
1117 3175 1279 3238 ordinantis

110 3276 237 3355 aliquem
258 3272 407 3339 hominem
422 3276 459 3339 ad
482 3277 619 3354 seipsum,
635 3275 697 3338 sive
710 3274 873 3337 ordinantis
894 3276 992 3352 ipsum
1014 3273 1052 3335 ad
1074 3272 1190 3351 aliquas
1205 3273 1280 3335 alias

112 3391 251 3451 personas
265 3376 440 3454 singulares,
454 3381 501 3438 est
516 3373 660 3436 releribile
681 3373 718 3435 ad
741 3373 848 3435 nonum
870 3387 1034 3447 commune,
1050 3371 1088 3433 ad
1109 3370 1188 3447 quod
1202 3370 1281 3433 ordi·

112 3481 196 3535 natur
216 3473 340 3535 iustitio.
356 3470 396 3535 Et
417 3471 578 3535 secundum
600 3471 656 3534 hoc
677 3477 764 3533 actus
785 3470 915 3532 omnium
938 3469 1081 3531 virtutum
1107 3475 1229 3545 possunt
1244 3467 1282 3529 ad

110 3570 251 3634 iustitiam
267 3572 422 3649 pertinere,
436 3570 598 3633 secundum
612 3569 690 3647 quod
708 3568 845 3631 ordinant
859 3566 1008 3629 hominem
1023 3566 1061 3629 ad
1075 3567 1183 3629 bonum
1198 3580 1278 3628 oom-

109 3683 212 3732 mune:
232 3677 261 3732 et
282 3682 425 3748 quantum
439 3670 476 3731 ad
491 3669 548 3752 lroo
564 3666 675 3729 iustitia
691 3666 800 3729 dicitur
816 3667 910 3727 virtus
927 3664 1080 3743 generalis.
1097 3661 1135 3726 Et
1150 3662 1219 3742 quia
1240 3663 1279 3725 ad

107 3766 201 3847 legem
224 3768 348 3846 pertinet
369 3767 505 3829 ordinare
525 3766 555 3827 11
577 3766 684 3827 bonum
706 3778 870 3836 commune,
892 3770 1038 3840 utsupra
1060 3760 1194 3823 habitum
1216 3769 1281 3833 est;

107 3866 176 3928 hinc
196 3873 249 3928 est.
263 3865 342 3943 quod
364 3864 432 3926 talis
451 3863 576 3937 iustitia,
599 3862 748 3945 praedicto
770 3860 857 3922 modo
871 3860 1027 3938 generalis,
1042 3857 1154 3921 dicitur
1167 3858 1282 3920 iustitia

106 3962 222 4043 legalis,
237 3964 307 4041 quia
322 3962 366 4025 sic
382 3977 434 4040 per
448 3977 514 4025 eam
528 3962 616 4023 homo
631 3958 789 4023 concordat
802 3957 870 4036 legi,
885 3956 1030 4020 ordinanti
1052 3965 1139 4020 actus
1152 3958 1283 4020 omnium

107 4061 253 4124 virtutum
272 4061 303 4122 in
324 4062 436 4123 bonum
458 4074 612 4140 commune
629 4053 680 4135 (2).
697 4077 715 4112 »
1121 4080 1123 4085 ·

153 4226 188 4287 (lt
206 4226 322 4276 Summa
339 4227 377 4277 tlt.
393 4226 429 4275 l·
445 4226 496 4276 2¹⁸>
509 4240 532 4289 q.
548 4223 645 4280 XLVII,
662 4239 685 4272 a.
701 4224 724 4270 l.

158 4305 193 4368 (2)
210 4304 276 4357 ibid
292 4305 329 4355 2?
344 4306 393 4355 2⁸⁰
406 4321 430 4371 q.
447 4306 531 4361 LVlll,
547 4320 571 4354 a.
589 4304 612 4353 5.
