3159 4934
10 197 143 300 1311311331
155 195 258 284 313113

10 270 270 402 wiffam&
313 277 346 332 11
810 288 981 332 rmaooucrro

10 404 38 490 ,g
59 383 456 491 ,[11ᾁᾷ333333313333
477 401 683 480 aequalitatem
714 401 796 478 ponit
815 403 892 463 inter
919 401 1052 464 homines
1071 410 1101 464 et
1122 402 1159 464 ad
1186 417 1272 464 suum
1300 403 1408 480 cuique
1430 404 1485 464 tri·

10 507 200 580 3133131313
220 500 457 602 {affluendum
479 499 636 562 illuminat.

10 595 320 699 1313313333μῖ
349 597 450 660 Altera
472 597 623 659 distinctio
643 598 671 657 in
693 611 727 660 co
748 594 886 658 collocari
907 602 1012 673 potest,
1033 597 1111 675 quod
1131 595 1238 660 Ethica
1260 603 1360 660 actum
1375 597 1485 659 huma·

10 696 377 782 ,gmgggtgtoenum
399 694 575 766 consideret,
596 700 630 755 ut
651 693 691 754 ita
713 693 822 766 dicam,
843 693 939 771 quoad
960 695 1106 770 formum,
1122 709 1225 772 nempe
1247 694 1409 757 secundom
1430 711 1485 756 eas

10 799 163 898 reboante
181 790 496 870 gtmggoonditiones,
512 807 588 870 quas
609 791 687 854 actio
708 791 869 869 generatim
891 791 1010 853 induere
1033 791 1129 865 debet,
1143 800 1177 854 ut
1198 791 1319 855 moralis
1334 793 1485 856 efficiatur
1565 844 1566 852 ,

10 901 96 976 gu.
302 877 336 950 ‘et
356 889 443 962 bona;
460 886 510 951 Ius
526 903 595 951 vero
610 887 742 951 eamdem
762 888 907 951 actionem
929 896 1077 953 scrutetur
1098 890 1194 968 quoad
1215 891 1389 967 materiam,
1405 908 1485 970 qua·
1566 853 1568 935 ἶ

307 994 392 1050 tonus
413 987 570 1065 investiget
591 987 700 1065 quibus
721 987 828 1052 officiis
848 987 937 1050 homo
956 987 1153 1066 adstringitur
1175 996 1205 1051 et
1232 989 1341 1066 quibus
1366 988 1484 1051 iuribus
1566 1004 1567 1011 ¹

307 1086 426 1164 gaudet,
438 1086 520 1147 iuxta
538 1094 675 1147 naturam
690 1092 719 1146 et
734 1084 865 1147 ordinem
881 1099 897 1144 3
912 1087 1024 1148 ratione
1035 1084 1258 1163 praescriptum.
1272 1084 1348 1148 Aliis
1364 1086 1482 1148 verbis:

305 1183 336 1244 in
357 1190 426 1244 3313
441 1182 571 1245 humano
586 1197 654 1245 cum
669 1181 847 1244 considerari
863 1182 957 1257 possit
979 1182 1129 1244 33133133
1148 1184 1221 1260 ipse,
1236 1182 1284 1245 vel
1302 1185 1484 1245 3331331333
1567 1172 1569 1263 ἔ

306 1281 345 1344 ab
365 1289 447 1354 actu;
471 1281 585 1356 primns
607 1287 760 1357 respectos
782 1287 983 1341 assumeretur
1003 1279 1042 1342 ab
1065 1277 1184 1354 Ethica,
1205 1281 1354 1343 secundos
1373 1297 1390 1342 a
1412 1279 1484 1344 Iure

307 1386 436 1440 naturae.
453 1374 501 1439 Sic
516 1374 622 1439 Ethica
637 1376 733 1454 quoad
750 1374 801 1439 Ius
815 1384 937 1439 naturae
953 1376 1055 1439 eodem
1076 1378 1136 1438 iere
1158 1393 1277 1440 munere
1298 1379 1483 1456 iungeretur,

306 1473 384 1552 qnod
405 1471 514 1552 Logioa
542 1482 678 1551 respectu
700 1473 827 1536 aliarum
847 1473 1047 1551 scientiarum,
1069 1473 1116 1534 vel
1138 1474 1244 1536 meiius
1273 1471 1483 1553 Metaphysica
1568 1492 1570 1549 t

306 1572 450 1652 generalis
472 1579 609 1650 respectu
631 1570 854 1650 Metaphysicae
869 1570 1015 1649 specialis.
1032 1569 1117 1635 Hanc
1139 1571 1355 1636 distinctionem
1370 1578 1403 1633 ut
1418 1589 1483 1634 me-
1568 1582 1570 1597 ’

306 1672 397 1732 113313
418 1671 513 1748 magis
534 1670 800 1743 accommodatam,
822 1668 872 1730 hic
891 1668 1054 1747 eligendam
1076 1669 1222 1734 ducimus.
1568 1652 1569 1729 1

345 1763 491 1844 Ceterum,
506 1776 573 1829 utra
593 1783 610 1829 e
631 1767 745 1829 duabus
767 1766 927 1843 propositis
949 1767 1189 1829 distinctionibus
1204 1769 1394 1844 praeferatur,
1411 1765 1483 1828 diii·
1569 1810 1571 1849 ,

305 1872 406 1943 genter
422 1864 583 1928 carendum
599 1873 690 1926 estne
701 1864 820 1926 iuvenes
832 1863 1034 1941 propellantur
1045 1863 1083 1925 ad
1095 1861 1145 1926 Ius
1157 1871 1280 1926 naturae
1291 1863 1479 1937 discendum,
1569 1924 1570 1927 ,

304 1970 460 2039 antequam
477 1962 647 2040 disciplinae
662 1961 765 2023 morali
779 1962 912 2038 apprime
932 1960 1108 2023 studuerint.
1124 1958 1229 2024 Officia
1251 1961 1328 2024 enim
1344 1961 1477 2024 hominis

304 2059 432 2134 socialis,
454 2060 633 2121 subaudiunt
654 2060 750 2122 officia
772 2057 902 2120 hominis
925 2059 1079 2132 individui,
1100 2075 1136 2122 ex
1158 2059 1254 2138 iisque
1280 2060 1421 2137 originem
1451 2070 1481 2121 et
1570 2130 1572 2149 Ι

305 2157 365 2219 vim
387 2156 541 2220 deducunt.
564 2155 695 2234 Itemque
716 2157 818 2234 nequit
840 2165 926 2218 actus
941 2156 1088 2219 humanus
1110 2157 1205 2234 quoad
1228 2157 1382 2219 materiam
1402 2171 1481 2218 exa·
1570 2154 1572 2227 ῗ

302 2253 418 2330 minari,
440 2255 494 2317 nisi
515 2263 599 2318 antea
621 2255 781 2334 generatim
797 2256 949 2331 inspectus
962 2255 1000 2316 sit
1015 2255 1113 2332 quoad
1128 2263 1263 2317 naturam
1287 2254 1479 2328 moralitatis,

200 2395 205 2406 .
303 2369 360 2432 qua
381 2355 476 2416 ornari
499 2353 594 2427 debet,
616 2362 648 2414 31
672 2368 738 2416 vere
759 2353 888 2416 hominis
910 2353 949 2413 sit
974 2353 1120 2429 proprios.
