3159 4934
438 353 523 398 carur
540 353 565 395 u.
585 354 620 397 nn
636 354 779 399 soetnnurn
797 356 878 397 ututur
1190 340 1242 401 303

65 481 126 535 tem
147 484 267 548 operam
288 469 413 532 daturus
434 478 489 543 est,
510 476 543 532 ut
563 468 699 532 subditos
718 476 786 546 apte
808 469 1072 549 convenienterque
1088 472 1241 550 gubernet;

64 570 118 631 sed
140 567 231 630 etiam
253 567 357 632 sedulo
377 568 531 630 incumbat
551 574 677 643 oportet,
698 574 732 629 ut
752 582 862 645 organa
891 567 1012 631 socialia
1034 569 1072 631 ad
1093 569 1241 649 triplicem

63 674 252 745 potestatem,
266 665 302 728 de
316 680 375 746 qua
396 680 486 743 snpra
506 664 621 743 loquuti
634 680 749 741 sumus,
765 666 821 727 rite
836 664 1032 729 adhibendam
1053 667 1238 731 instruantur

62 773 93 828 et
114 764 222 843 ingiter
244 763 444 840 perficiantur.
459 760 573 825 Exinde
593 764 671 831 enim
692 762 891 839 maximopere
911 763 1018 841 pendet
1042 765 1158 841 sapiens
1181 768 1237 828 rei·
1301 806 1303 811 ,

63 861 201 939 publicae
222 860 448 934 administratio,
469 866 499 923 et
518 866 717 938 opportunum
738 867 768 922 et
788 860 896 923 efficax
923 862 1109 925 auctoritatis
1128 864 1241 927 exerci-

63 960 152 1021 tium.
167 955 304 1037 Operatio
318 960 395 1022 enim
411 960 537 1036 perlecta
559 960 690 1023 exerceri
710 960 830 1037 nequit;
844 959 901 1022 nisi
924 961 1052 1037 perlecta
1074 960 1240 1025 habeantur

60 1058 269 1138 instrumenta,
298 1072 423 1135 quorum
456 1056 621 1120 ministerio
651 1057 818 1120 subiectum
852 1065 1002 1135 operatur.
1030 1057 1070 1122 Et
1101 1061 1240 1139 queniam

62 1164 217 1219 structura
239 1155 370 1229 socialis,
384 1164 545 1234 utcumque
566 1155 704 1233 perlecta,
725 1154 798 1217 nibil
824 1154 953 1219 valitura
975 1164 1029 1229 est,
1043 1158 1067 1219 si
1090 1172 1240 1235 personae,

62 1273 141 1335 quae
163 1262 275 1317 motum
296 1254 479 1331 imprimunt,
493 1253 614 1316 scientia
635 1261 799 1331 opportuna
821 1260 954 1328 careant,
973 1253 1020 1317 uel
1040 1255 1169 1334 nequitia
1185 1272 1236 1320 ro·

62 1354 188 1417 luntatis
201 1352 316 1414 actione
331 1366 385 1413 sua
398 1352 574 1425 abutantur3
588 1351 658 1413 binc
673 1350 798 1429 principi
820 1367 895 1414 unus
910 1352 1056 1414 incumbit
1070 1362 1102 1414 ut
1116 1369 1241 1431 sagaces

63 1452 252 1528 scientesque
282 1450 416 1512 homines
437 1464 473 1511 ac
503 1451 573 1512 vera
604 1449 750 1526 probitate
781 1449 877 1512 ornati
910 1450 1035 1528 siugulis
1068 1453 1241 1514 muneribus

63 1550 284 1627 praeficiantur.
299 1544 396 1621 Quare
417 1546 506 1610 etiam
521 1545 663 1609 selectum
685 1555 800 1610 coetum
817 1547 969 1611 hominum
991 1548 1113 1611 scientia
1134 1557 1165 1611 et
1180 1549 1240 1611 vir·

13 1703 15 1706 .
62 1657 129 1711 tute
144 1646 356 1724 praestantium
371 1644 485 1708 sociare
498 1645 554 1707 sibi
569 1645 665 1718 debet,
679 1647 731 1723 qui
744 1645 802 1723 ipsi
817 1660 834 1706 a
850 1645 980 1708 consiliis
994 1646 1053 1707 sint
1067 1659 1096 1709 et
1110 1662 1238 1725 quorum

62 1743 328 1810 consultationem
354 1757 442 1819 opera
464 1744 493 1804 in
514 1742 746 1806 administranda
774 1742 926 1820 republica
957 1744 1084 1807 iuvetur.
1107 1742 1239 1822 Denique

61 1844 224 1923 benignum
245 1848 274 1904 et
301 1840 417 1903 iacilem
446 1857 478 1903 se
498 1842 634 1904 omnibus
656 1842 804 1919 praebeat,
826 1850 857 1905 et
885 1841 1027 1921 singulari
1052 1844 1239 1907 humanitate

62 1941 157 2016 cives,
171 1940 223 2019 qni
243 1940 342 2017 ipsum
363 1938 482 2011 adeunt,
496 1939 633 2016 excipiat.

106 2036 174 2103 110.
197 2036 267 2104 lura
281 2033 391 2103 ciuium
406 2038 516 2102 cancie
538 2038 723 2102 revereatur
738 2039 768 2102 ei
782 2033 939 2102 detrudat.
952 2034 1033 2109 Quae
1048 2052 1140 2116 nuper
1157 2038 1239 2102 dicta

62 2145 132 2199 sunt
154 2136 362 2200 auctoritatem
390 2133 551 2211 respiciunt
577 2142 723 2211 quatenus
746 2141 816 2211 apta
839 2134 985 2198 reddenda
1002 2141 1047 2198 est
1068 2134 1106 2196 ad
1131 2151 1238 2197 munus

67 2250 156 2298 sunm
171 2232 363 2310 implendum.
379 2229 482 2304 Quoad
503 2229 621 2294 actuale
642 2246 713 2294 vero
734 2232 907 2295 exercitium
922 2238 952 2294 et
972 2232 1105 2307 effectus,
1120 2246 1194 2308 qnos
1208 2232 1239 2294 in
1254 2250 1258 2259 ‘

64 2334 176 2396 bonum
199 2330 386 2393 subditomm
408 2329 584 2407 praestitura
605 2335 660 2401 est,
676 2344 760 2392 nemo
780 2344 838 2393 nun
861 2330 943 2392 uidet
963 2336 1113 2409 tamquam
1134 2329 1238 2391 lunda-

61 2438 198 2493 mentum
226 2426 336 2506 requiri
356 2435 390 2488 ut
409 2426 505 2489 omnia
534 2440 657 2504 prorsus
677 2426 885 2501 inra‘civium,
907 2425 969 2489 sire
993 2426 1137 2489 naturalia
1167 2425 1238 2503 sint,

63 2528 129 2590 sive
142 2526 298 2605 acquisita,
313 2533 379 2587 rata
401 2525 577 2598 habeantur,
591 2531 680 2602 atquc
694 2525 733 2586 ab
746 2527 826 2588 omni
841 2524 1029 2604 aggressione
1043 2524 1236 2587 vindicentur.

61 2625 98 2689 ld
118 2622 265 2686 naturalis
285 2621 376 2684 veluti
396 2622 567 2684 constitutio
593 2629 638 2683 est
658 2621 819 2685 cuiuslibet
839 2622 990 2684 societatis
1015 2630 1045 2684 et
1065 2622 1113 2684 lex
1134 2622 1240 2684 lunda·

62 2722 214 2795 mentalis,
235 2736 325 2799 quam
348 2720 470 2798 papyris
491 2719 612 2781 inscribi
639 2720 691 2781 aut
713 2719 822 2782 tabulis
843 2720 1008 2799 consignari
1036 2736 1093 2782 non
1113 2728 1239 2799 oportet,

61 2836 134 2886 cum
148 2820 178 2881 in
191 2820 256 2897 ipsa
271 2819 384 2881 ratione
398 2816 537 2890 hominis,
550 2816 628 2879 notis
642 2832 698 2880 nen
719 2816 862 2891 delendis
877 2817 1024 2896 insculpta
1039 2818 1088 2881 sit.
1105 2817 1238 2882 Societas

61 2918 188 2982 enimin
208 2918 317 2980 bonnm
332 2931 388 2979 non
409 2930 478 2977 vero
492 2915 522 2978 in
539 2915 697 2992 perniciem
713 2916 860 2978 sociorum
883 2917 1045 2980 redundare
1066 2917 1169 2992 debet3
1184 2933 1238 2981 nec

63 3030 141 3095 quae
162 3032 180 3077 a
202 3022 306 3077 natura
329 3014 512 3087 tribuuntur,
531 3012 569 3075 ab
590 3012 707 3076 bomine
727 3013 806 3075 demi
829 3023 961 3091 possunt.
983 3011 1048 3078 Hoc
1070 3022 1238 3078 tamennon
1257 3088 1262 3099 ¹

64 3113 205 3192 prohibet
224 3113 381 3190 quominus
401 3111 465 3173 iura
486 3110 633 3173 eiusmodi
653 3110 710 3172 sub
731 3110 889 3174 dictamine
913 3112 1044 3175 iustitiae
1063 3121 1094 3175 et
1116 3113 1238 3176 rationis

61 3218 266 3290 temperentur
287 3210 363 3273 inter
383 3225 415 3271 se
436 3225 472 3271 ac
493 3208 599 3272 debitis
619 3207 764 3271 limitibus
786 3208 1000 3283 contineantur,
1022 3217 1109 3286 prout
1125 3209 1237 3273 coexsi-

61 3310 171 3374 stentia
193 3316 369 3382 ceterorum,
389 3314 420 3369 et
439 3306 557 3384 adeptio
580 3305 714 3384 publicae
735 3306 886 3370 felicitatis
911 3309 1053 3385 exposcit.
1077 3305 1188 3385 Neque,
1210 3307 1237 3368 si

61 3425 111 3471 res
131 3407 236 3484 intime
256 3405 466 3478 consideretur,
480 3404 551 3466 dum
572 3404 603 3465 id
617 3403 755 3479 efficitur,
769 3404 815 3467 vis
837 3400 905 3467 ulla‘
918 3412 1040 3467 naturae
1054 3411 1105 3466 ant
1119 3403 1236 3467 iuribus

62 3506 190 3585 privatis
217 3506 351 3577 intentur,
373 3504 426 3565 sed
454 3502 551 3581 potius
578 3510 701 3565 naturae
728 3502 825 3565 ordini
851 3503 1076 3567 obsecundatur.
1100 3500 1130 3565 Si
1159 3502 1237 3565 enim

61 3612 170 3667 natura
199 3602 348 3666 hominem
377 3600 515 3663 socialem
536 3599 675 3673 condidit,
704 3607 794 3678 atque
815 3600 853 3661 ad
882 3599 1050 3662 convictum
1079 3614 1147 3662 eum
1169 3599 1235 3661 aliis

61 3699 227 3774 ordinatim
256 3700 385 3777 prolecto
416 3697 492 3771 iura,
517 3712 593 3774 quae
618 3697 660 3759 illi
685 3696 793 3775 largita
819 3704 874 3771 est,
899 3712 950 3759 eas
978 3695 1236 3760 determinationes

60 3812 172 3875 cosque
191 3796 299 3859 limites
324 3802 498 3873 susceptura
518 3810 583 3857 esse
610 3794 710 3873 voluit,
732 3796 793 3857 sine
814 3794 923 3872 quibus
949 3808 1104 3856 commune
1127 3794 1236 3857 bonum

62 3894 217 3959 societatis
240 3904 374 3957 constare
395 3909 450 3956 non
472 3901 579 3971 posset.

103 3992 152 4056 Ex
166 3992 311 4055 eiusmodi
326 3992 418 4054 tutela
439 3990 549 4053 inrium
565 3989 716 4052 manifeste
738 3992 873 4068 sequitur
891 3996 924 4051 ut
945 3988 1017 4051 nibil
1040 3996 1169 4053 tentetur
1183 4000 1236 4054 aut

62 4092 263 4170 permittatur,
283 4090 363 4168 quod
390 4090 500 4153 citium
521 4087 717 4151 incolumitati
737 4097 790 4149 aut
811 4086 890 4150 civili
910 4087 1041 4150 libertati
1070 4088 1234 4167 quidquam

61 4189 216 4263 detraham
230 4204 283 4251 nec
306 4187 367 4263 ulli,
382 4195 541 4265 utcumque
562 4186 600 4248 ad
622 4187 754 4249 infimam
777 4185 878 4263 populi
900 4193 1013 4263 partem
1036 4187 1235 4265 pertinentia

61 4294 253 4365 praepotente
268 4285 366 4364 aliquo
380 4292 431 4346 aut
445 4284 537 4347 divite
557 4283 664 4346 iniuria
685 4284 833 4362 irrogetur
854 4283 984 4362 impune.
996 4279 1089 4349 Immo
1109 4285 1236 4348 maxime
