3159 4934
377 360 462 404 CAPUT
479 361 504 402 ΙΙ.
519 362 552 403 bi:
567 362 673 404 ordiens
691 360 799 404 dontibus
811 362 882 405 unda
903 362 975 405 bault
1212 352 1260 409 131

131 470 440 538 commestione
462 472 637 553 Religionis
658 474 724 537 alia
738 493 820 555 pars
841 480 887 538 est
909 474 1082 553 theoretice,
1104 476 1170 539 alia
1185 495 1265 557 pra-

85 570 190 636 ctico:
205 574 338 650 utroque
356 590 427 634 acro
448 591 468 633 a
489 573 710 636 correcturae
728 573 932 653 praecipiter.

133 667 220 732 Prob.
238 667 336 731 Prima
359 684 428 747 pars
449 669 533 733 facile
554 677 643 749 patet.
658 668 735 734 Nam
752 670 866 751 Religio
880 671 1085 749 complectitur
1098 689 1154 735 non
1175 675 1264 738 modo

86 769 267 845 obsequium
289 777 317 830 et
332 767 506 830 famulatum
521 766 583 831 lieo
599 770 817 848 praestandum,
833 779 952 848 propter
969 778 1114 832 summam
1129 771 1193 833 eius
1213 788 1265 835 ex-

86 865 257 929 cellentiam
270 882 278 939 ;
293 880 394 927 verum
409 866 497 927 etiam
513 866 647 929 notitiam
663 868 849 945 perfectionis
869 868 985 931 diuinae
998 874 1027 930 et
1041 867 1264 943 attributorum,

91 980 132 1026 ex
152 963 259 1040 quibus
279 962 450 1027 excellentia
470 962 521 1025 illa
542 965 625 1027 nobis
639 966 804 1029 innotescit.
818 964 901 1029 Haec
922 967 1036 1041 notitia,
1049 984 1086 1030 ex
1109 968 1263 1047 principiis

91 1069 214 1124 naturae
235 1064 352 1136 hausta,
367 1060 520 1126 constituit
536 1072 651 1144 partem
667 1064 877 1140 theoreticam
891 1066 1067 1143 obsequium
1083 1080 1151 1128 vero
1165 1073 1194 1128 et
1215 1064 1264 1127 de·

95 1161 175 1223 bitus
202 1160 371 1235 famulatus,
391 1162 443 1240 qui
471 1163 538 1225 iude
559 1162 754 1241 consequitur,
776 1162 928 1224 coustituit
951 1168 1064 1238 partem
1094 1163 1262 1239 practicam.

90 1256 173 1337 Ergo
184 1257 299 1339 Religio
313 1259 518 1337 complectitur
533 1259 680 1338 duplicem
691 1266 817 1339 partem,
827 1258 916 1322 aliam
930 1259 1120 1322 theoreticam
1135 1267 1165 1323 et
1176 1260 1262 1323 aliam

91 1355 269 1433 practicam.

131 1451 218 1527 Quod
238 1469 307 1516 vero
327 1462 452 1533 utraque
473 1470 552 1541 pars,
565 1455 782 1534 praecipiantur
803 1472 820 1517 a
841 1455 905 1517 iure
931 1462 1062 1529 naturae,
1084 1472 1140 1519 non
1166 1456 1263 1517 minus

90 1559 225 1629 apparet.
240 1548 316 1613 Nam
337 1552 435 1631 homo,
451 1569 517 1615 curn
539 1553 679 1616 facultate
701 1553 893 1632 cognoscendi
914 1560 944 1614 et
963 1552 1103 1616 facultate
1121 1553 1263 1630 operandi

93 1650 231 1729 gaudeat,
247 1650 400 1728 utriusque
420 1651 537 1713 actibus
559 1667 590 1713 se
612 1652 650 1713 ad
665 1649 759 1714 Deum
782 1652 890 1714 referre
911 1650 1007 1713 debet.
1023 1650 1154 1714 lamvero
1172 1666 1205 1712 se
1219 1665 1265 1713 re-

94 1750 170 1810 ferre
190 1748 228 1809 ad
250 1746 343 1810 Deum
365 1748 503 1811 facultate
521 1748 712 1824 cognoscendi
734 1748 821 1810 aliter
843 1748 954 1827 nequit,
974 1748 1033 1809 nisi
1053 1756 1200 1825 quatenus
1220 1748 1266 1809 in-

95 1845 243 1908 tellectum
259 1852 376 1907 exercet
396 1847 425 1908 in
441 1842 494 1908 Dei
510 1840 611 1908 notitia
626 1846 682 1908 rite
703 1846 916 1923 comparanda3
932 1846 1098 1923 pariterque
1121 1845 1220 1921 nequit
1233 1862 1265 1907 se

94 1944 202 2005 referre
223 1943 261 2004 ad
276 1940 369 2005 Deum
391 1943 529 2007 facultate
550 1943 699 2021 operandi,
715 1942 770 2004 nisi
785 1950 931 2021 quatenus
946 1942 989 2004 illi
1004 1941 1136 2006 debitum
1151 1942 1265 2005 cultum
1345 1949 1349 1955 ’

93 2050 124 2104 et
144 2040 318 2119 obsequium
340 2049 481 2119 praestat.

133 2138 226 2203 Porro
246 2142 296 2217 qui
317 2140 347 2200 in
365 2137 417 2201 Dei
440 2140 541 2203 notitia
557 2139 600 2203 sic
614 2148 703 2216 errat,
720 2147 752 2203 ut
765 2140 823 2218 ipsi
838 2147 890 2202 aut
904 2139 1105 2204 convenientia
1118 2140 1262 2201 attributa

96 2244 179 2315 neget
194 2245 247 2300 aut
261 2237 453 2315 repugnantia
468 2238 619 2316 appingat,
634 2234 831 2317 blasphemus
845 2239 943 2312 audit;
953 2239 1005 2316 qui
1020 2245 1118 2299 autem
1133 2237 1264 2299 debitum

97 2335 207 2397 cultum
229 2341 258 2397 et
278 2335 452 2414 obsequium
474 2336 626 2415 detrectet,
641 2336 757 2415 impius
778 2335 953 2414 appellatur.

134 2430 182 2496 30.
199 2431 374 2497 Pnonosrno
389 2431 431 2497 3⁸.
448 2430 571 2513 Religio
591 2437 692 2511 potest
705 2433 740 2495 irc
754 2433 1005 2512 superstitionem
1018 2433 1204 2512 degenerare
1225 2449 1264 2494 ee
1350 2480 1353 2485 .

97 2529 215 2609 duplici
228 2530 344 2609 copite‚·
360 2530 408 2592 ccl
428 2531 504 2609 quin
523 2528 642 2592 exbibet
663 2529 780 2592 cultum
801 2528 951 2604 diuinum,
966 2531 1018 2593 cui
1029 2548 1093 2595 non
1106 2528 1200 2605 debet,
1217 2530 1266 2593 vel

99 2628 171 2707 qnid
190 2625 311 2690 exhibet
331 2626 384 2690 cni
402 2625 495 2703 debet,
511 2626 566 2690 sed
584 2645 618 2691 eo
638 2626 813 2706 metimque
833 2642 898 2690 non
918 2625 1012 2690 debet.

135 2725 221 2790 Prob.
238 2724 413 2805 Superstitio
435 2727 508 2789 nibil
528 2733 573 2788 est
594 2726 684 2799 allud,
704 2726 761 2788 nisi
782 2726 855 2787 false
877 2717 988 2801 religio.
1011 2724 1143 2789 Iamvero
1164 2726 1267 2805 religio

96 2826 167 2889 falsa
188 2842 254 2889 csse
274 2833 370 2904 potest
392 2826 436 2889 rel
452 2827 562 2889 ratione
579 2825 695 2899 obiecti,
712 2824 757 2887 vel
772 2824 884 2887 ratione
907 2825 994 2887 modi.
1008 2821 1142 2886 Primum
1156 2823 1265 2886 accidit

97 2927 122 2987 si
142 2926 172 2988 in
188 2924 242 2988 Dei
256 2925 353 2988 locum
375 2925 564 2987 substituitur
578 2932 723 2997 creatura,
738 2934 770 2985 ut
791 2922 821 2984 in
836 2922 986 2997 idolatria;
1005 2922 1167 2985 secundum
1189 2937 1270 2995 vero,

98 3024 123 3085 si
143 3023 173 3085 iu
195 3022 276 3085 cultu
298 3022 359 3083 veri
380 3020 433 3085 Dei
455 3020 566 3100 aliquid
589 3010 788 3098 perniciosum
809 3019 855 3083 vel
876 3021 1056 3098 superfluum
1078 3020 1266 3082 admiscetur.

134 3118 227 3184 Porro
255 3120 452 3198 perniciosum
473 3120 503 3179 in
525 3119 605 3182 cultu
635 3125 689 3192 est,
710 3118 852 3196 quidquid
877 3116 986 3179 falsum
1007 3124 1058 3179 aut
1088 3119 1267 3180 contrarium

96 3220 213 3283 divinae
229 3218 453 3297 praescriptioni
468 3217 653 3292 obtruditur3
667 3226 699 3279 ut
714 3219 739 3279 si
753 3218 822 3295 quis
836 3232 881 3279 ex.
894 3233 937 3295 gr.
954 3218 1092 3295 mysteria
1108 3214 1268 3279 celebraret

95 3325 146 3379 aut
161 3317 218 3379 alia
234 3323 284 3384 aut
298 3317 394 3390 aliter,
408 3333 498 3395 quarn
514 3316 594 3380 Deus
609 3316 655 3379 vel
668 3316 829 3378 auotoritas
851 3314 998 3392 religiosa,
1014 3331 1031 3375 a
1048 3313 1108 3376 Deo
1122 3312 1267 3390 instituta,

99 3415 311 3478 determinavit.
333 3412 400 3477 Erit
420 3422 519 3477 autem
544 3414 735 3493 superfluum,
758 3415 784 3475 si
805 3413 857 3474 fini
878 3427 934 3474 non
962 3411 1126 3489 respondet,
1148 3416 1269 3488 propter

98 3527 185 3589 quem
206 3512 287 3576 Deus
309 3514 449 3575 adoratur
469 3519 498 3575 et
520 3511 635 3575 colitur.
652 3512 699 3573 Ad
720 3527 782 3574 rem
798 3509 828 3574 S.
843 3508 989 3573 Thomas:
1006 3532 1024 3568 «
1039 3507 1070 3572 Si
1086 3508 1199 3587 aliquid
1219 3507 1270 3580 sit,

96 3611 179 3689 quod
197 3619 338 3689 quantum
360 3618 404 3672 est
426 3610 461 3673 de
484 3626 515 3673 se
536 3626 592 3671 non
614 3611 738 3688 pertinet
759 3610 798 3671 ad
818 3607 872 3671 Del
894 3608 1029 3686 gloriam,
1043 3622 1136 3683 ueqne
1150 3604 1188 3666 ad
1208 3606 1267 3667 boc

96 3707 176 3787 quod
197 3724 278 3771 meus
298 3708 426 3771 hominis
440 3709 551 3771 feratur
564 3708 593 3769 in
609 3705 714 3783 Deum,
728 3715 780 3768 aut
794 3706 873 3788 quod
894 3706 991 3768 carnis
1012 3703 1268 3781 concupiscentiae

97 3808 249 3869 moderate
263 3807 469 3880 refraenentur,
484 3814 535 3869 aut
556 3807 645 3867 etiarn
668 3804 706 3867 sit
728 3812 845 3882 praeter
867 3802 920 3865 Dei
941 3810 969 3865 et
986 3801 1135 3865 Ecclesiae
1149 3800 1269 3862 institu-

97 3905 215 3985 tionem,
231 3905 276 3967 vel
298 3912 396 3969 contra
419 3904 659 3967 cousuetudinem
683 3918 877 3975 communem,
891 3916 966 3979 quae
987 3899 1148 3962 secundum
1163 3898 1269 3977 Augu·

96 4002 207 4064 stinum
231 4001 366 4081 prolege
387 4002 520 4064 habenda
542 4009 604 4075 est;
619 4010 714 4063 toturn
735 4001 793 4063 boc
814 3999 1009 4077 reputandum
1024 4004 1070 4060 est
1087 3996 1269 4075 superfluum

96 4108 127 4161 et
146 4098 393 4178 superstitiosum,
406 4100 475 4178 quia
496 4100 526 4160 in
548 4098 742 4161 exterioribus
757 4098 853 4160 solum
868 4096 1033 4160 consistens
1047 4096 1086 4158 ad
1100 4093 1270 4159 interiorem

103 4194 155 4260 Dei
175 4198 289 4261 cultum
311 4214 367 4263 nou
388 4197 513 4277 pertinet
529 4194 580 4276 (l).
596 4216 614 4252 s

145 4366 179 4427 tl)
197 4366 312 4416 Stemma
328 4368 365 4417 tlt.
382 4365 418 4415 2²
433 4365 481 4416 230
498 4381 523 4430 q.
540 4363 626 4422 XCIV,
643 4378 664 4413 a.
684 4363 720 4412 ll.

56 4517 57 4536 ἦ
214 4505 232 4553 ἐι
277 4513 292 4551 ff
340 4537 344 4544 ³
378 4542 383 4548 ι’
401 4511 414 4532 ἐν
435 4507 441 4524 ³¹
475 4550 477 4553 .
538 4506 545 4527 x
760 4547 762 4553 a

51 4547 94 4614 [a
124 4545 242 4597 (massan
269 4552 290 4584 sk
302 4580 312 4607 h
381 4561 383 4564 ’
394 4543 408 4592 ,ἱ
419 4569 451 4616 χῖ
479 4549 500 4592 ’,ἡ
528 4551 544 4599 ,ξι
584 4566 606 4613 ἽΓ
629 4543 650 4596 ἶν’
664 4557 703 4598 ,ΚΕΛ
719 4559 737 4608 ’ἐι
749 4567 763 4603 ¹,
856 4595 863 4605 x
880 4548 882 4561 ³
922 4563 927 4574 ι
943 4574 945 4582 r

130 4604 136 4631 ζ
609 4603 612 4617 ῗ
677 4611 682 4622 ,ι

282 4734 290 4791 l

718 4513 770 4542 (ἔψη
802 4519 831 4557 Γ
882 4523 886 4530 ·
1114 4507 1118 4519 ⁴
1146 4486 1149 4501 Ι
1344 4506 1347 4516 ‘
1368 4525 1373 4542 Ἰ.
1390 4537 1392 4541 .

736 4538 741 4548 '⁴
771 4547 776 4554 ’
1011 4560 1017 4572 =·
1060 4567 1064 4573 ·
1167 4545 1284 4582 ,tm-rr.-
1311 4540 1324 4567 '¹
1362 4568 1367 4585 =
1432 4572 1439 4585 .

854 4586 857 4590 .
1112 4584 1115 4594 i
1220 4593 1222 4604 Δ
1438 4586 1447 4593 .
