3159 4934
345 316 381 373 98
858 333 997 376 nrureu

335 450 528 529 ‚voluptatum
544 461 706 512 ceterarum
722 451 807 529 eopia
820 451 995 514 obmuntnr.
1010 449 1119 515 Contra
1132 452 1301 517 iucunditas
1314 454 1426 516 virtutis
1437 468 1482 515 sae

346 563 502 625 penumero
517 557 703 625 superatura
719 556 930 612 tormentorum
946 550 1091 622 cruciatu,
1104 566 1163 629 qno
1181 551 1277 613 iustus
1290 552 1482 624 1111111111

343 662 389 709 ex.
405 663 448 722 gn.
463 663 479 706 a
495 646 672 707 nefariorum
687 645 845 708 calumniis
867 646 974 707 lamam
997 662 1082 708 suam
1103 648 1246 711 maculari
1260 649 1408 727 oonspiait,
1421 656 1483 709 anta

342 744 477 807 violentis
495 753 526 806 et
546 744 704 822 rapacibus
720 758 781 807 rem
797 742 970 806 familiarem
986 744 1153 821 dilapidari,
1167 746 1266 807 neeari
1280 752 1372 820 natos,
1387 758 1483 806 uxoren

342 843 416 921 rapi,
439 857 528 920 seque
547 848 576 903 in
591 841 805 905 tenebricosum
820 856 969 904 eaucerem
986 841 1075 914 trudi,
1090 849 1123 903 nt
1137 843 1302 905 truculenta
1315 851 1345 905 et
1358 844 1483 905 inhonesta

341 946 435 1002 morte
457 940 626 1016 perimatur.
925 946 929 954 ·

379 1034 544 1108 Postremo,
564 1042 599 1096 nt
613 1035 895 1109 demonstrauimus,
911 1036 1029 1113 adeptio
1043 1035 1089 1099 vel
1104 1036 1225 1099 amissio
1240 1036 1337 1100 ultimi
1352 1038 1424 1115 bnis,
1436 1050 1485 1098 oon

340 1132 454 1196 secutio
474 1133 620 1210 quaedam
641 1134 806 1201 necessaria
826 1141 873 1195 est
893 1134 1014 1195 virtutis
1034 1142 1087 1195 ant
1109 1134 1181 1195 vitii.
1203 1131 1291 1213 Ergo,
1308 1135 1485 1198 1111111111-

341 1230 457 1294 1111111
478 1238 592 1292 tantum
613 1229 750 1292 naturali
763 1237 843 1294 stare
862 1229 995 1309 velimus,
1011 1229 1049 1291 ab
1068 1230 1127 1293 illis
1148 1230 1282 1293 abstrahi
1301 1230 1485 1310 cogitationen

341 1335 446 1406 potest,
474 1327 524 1390 sed
554 1335 676 1407 utraque
707 1327 786 1391 velut
814 1327 1059 1413 complementum
1091 1336 1256 1391 ceterarum
1284 1330 1486 1393 retributionum

343 1425 479 1488 habenda
500 1426 566 1487 erit.
587 1423 672 1496 Quod
694 1425 720 1486 si
741 1424 863 1503 insuper
883 1425 1026 1503 quaedam
1048 1425 1190 1487 bonorum
1215 1427 1487 1502 remuneratioque

340 1524 379 1586 ab
409 1524 562 1601 adeptione
583 1522 680 1585 ultimi
700 1522 769 1584 linis
795 1522 1013 1601 proficiscatur,
1033 1530 1063 1585 et
1084 1522 1275 1600 positivorum
1297 1523 1485 1603 suppliciorm

340 1622 479 1695 incursio,
495 1629 528 1685 ut
541 1620 679 1695 diximus,
701 1620 887 1703 adimpleam
902 1620 942 1696 id,
962 1619 1032 1682 lieet
1051 1622 1195 1683 internam
1216 1628 1246 1682 et
1259 1622 1420 1682 naturalem
1440 1633 1487 1679 san·

339 1720 466 1783 ationem
487 1734 543 1782 uon
565 1717 734 1791 constituat,
755 1718 808 1779 sed
829 1726 980 1780 externam
999 1719 1099 1796 potins
1112 1726 1142 1780 et
1157 1718 1364 1793 voluntariam
1380 1729 1485 1780 amena

338 1816 470 1879 iustitiae
490 1816 591 1880 ordine
613 1822 643 1877 et
662 1815 779 1878 debitae
801 1816 998 1892 proportionis
1020 1830 1156 1877 mensura
1178 1816 1347 1894 requiritur.

383 1912 528 1979 0111111.
544 1912 652 1978 Saltem
675 1930 766 1992 poena
781 1922 901 1977 aeterna
916 1912 1072 1978 reiieienda
1089 1921 1145 1987 est,
1166 1914 1274 1991 quippe
1294 1930 1371 1992 qnae
1392 1914 1485 1976 111111

338 2012 509 2077 elementiae
530 2020 688 2091 repugnat,
709 2019 738 2073 et
760 2012 811 2073 ilai
826 2012 923 2089 ipsius
937 2027 1045 2090 poenae
1060 2011 1204 2085 dissentit,
1218 2027 1294 2088 quae
1308 2028 1426 2091 semper
1439 2024 1485 2089 pre

339 2120 404 2191 pter
424 2110 655 2173 emendationem
676 2109 830 2189 infligitur.
1524 2115 1529 2124 ·

378 2206 415 2271 R.
431 2205 589 2270 Clementia
606 2208 635 2269 iu
650 2214 730 2270 recto
744 2213 773 2268 et
787 2208 917 2283 sapiente
928 2206 1122 2284 gnbematore
1133 2222 1282 2284 nunquam
1297 2206 1485 2270 detrimentum

338 2307 424 2369 debet
448 2306 553 2368 inferre
574 2304 713 2367 iustitiae.
735 2303 764 2366 A
785 2304 900 2365 institia
921 2318 989 2365 vero
1011 2310 1158 2365 aeternam
1181 2319 1303 2380 poenam
1325 2305 1487 2383 flagitiorum

337 2404 491 2484 postulari,
512 2405 571 2465 iam
592 2404 621 2465 in
644 2402 848 2480 Metapbysica
869 2401 1051 2464 ostendimus
1066 2398 1117 2479 (1).
1133 2398 1190 2464 Η11
1204 2403 1375 2464 summatim
1395 2398 1487 2480 aliquid

337 2504 466 2564 ianuam.
488 2500 520 2565 In
543 2502 657 2579 primis,
677 2498 794 2577 expleto
814 2514 904 2562 eursu
924 2499 1082 2572 actionum,
1102 2500 1211 2577 quibus
1232 2499 1321 2561 homo
1341 2500 1372 2561 in
1394 2501 1490 2563 11111

336 2600 391 2663 luti
413 2601 592 2663 constitutus
612 2596 717 2660 mereri
740 2595 785 2659 vel
812 2596 952 2659 demereri
982 2603 1086 2674 potest,
1108 2597 1228 2659 amissio
1254 2595 1353 2658 ultimi
1382 2599 1448 2660 finis
1471 2604 1491 2655 et

336 2696 440 2773 cnlpae
460 2704 560 2758 reatus
583 2710 635 2773 per
649 2710 681 2757 se
694 2693 898 2771 irreparabilia
919 2701 999 2767 sunt,
1017 2701 1105 2771 atque
1120 2692 1184 2755 ideo
1198 2702 1339 2771 perpetuo
1354 2685 1491 2757 mansura.

335 2790 455 2872 Deinde,
477 2793 503 2854 si
524 2808 614 2869 poena
629 2801 746 2855 aeterna
762 2807 818 2855 non
832 2799 920 2865 esset,
934 2792 1050 2854 tandem
1065 2791 1222 2868 aliqnando
1237 2793 1353 2856 scelesti
1369 2783 1492 2858 homines

335 2891 493 2969 proborum
515 2898 625 2953 sortem
640 2891 874 2968 aequipararent:
889 2892 960 2967 quin
976 2905 1034 2962 eos,
1056 2889 1127 2951 dnm
1148 2889 1209 2951 uita
1227 2892 1375 2967 manebat,
1391 2893 1430 2954 ad
1444 2905 1494 2953 me·

334 2986 457 3050 rendum
489 2987 568 3061 data,
599 2988 779 3066 flagitiorum
812 3003 931 3049 suorum
960 2987 1160 3064 poenituisset.
1188 2985 1288 3051 Tertio
1314 2988 1493 3051 comminatio

334 3100 443 3165 poenae
465 3084 609 3148 motivum
624 3085 773 3146 sufficiens
786 3086 892 3146 olierre
906 3084 993 3145 debet
1005 3083 1043 3145 ad
1058 3083 1189 3145 homines
1209 3100 1226 3145 a
1248 3083 1335 3162 eulpa
1354 3085 1494 3148 deterren-

334 3184 398 3255 dos,
418 3183 507 3245 etlam
529 3182 555 3243 si
575 3182 711 3244 omnibns
732 3180 817 3244 bonis
837 3182 928 3244 huius
949 3182 1026 3244 vitae
1047 3181 1218 3244 renunciare
1232 3189 1262 3243 et
1275 3182 1411 3259 ingentes
1425 3182 1495 3245 eale·

333 3282 452 3345 unitates
474 3283 574 3345 subire
594 3290 775 3361 eogerentnr.
797 3282 831 3345 ld
852 3291 960 3361 autem,
984 3292 1016 3345 ut
1036 3285 1112 3345 ratio
1132 3283 1162 3345 et
1182 3284 1361 3360 experientia
1386 3285 1495 3353 suadet,

332 3395 442 3458 poenae
456 3382 657 3443 aeternitatem
673 3381 810 3457 reposcit.
827 3377 904 3442 Nam
918 3381 1007 3443 buius
1022 3389 1135 3443 tantum
1148 3381 1248 3443 evasio
1263 3381 1385 3443 suadere
1404 3387 1495 3461 potest

332 3477 518 3539 tolerantiam
543 3477 699 3550 malornm,
726 3492 802 3555 qnae
830 3494 917 3555 saepe
944 3493 997 3556 pro
1024 3479 1132 3541 virtute
1160 3478 1304 3540 servanda
1330 3478 1495 3542 sustinenda

332 3582 410 3636 sunt.
433 3571 524 3651 Culpa
545 3573 682 3653 denique,
702 3574 740 3637 ob
761 3579 960 3652 contemptum
981 3575 1087 3637 intiniti
1108 3576 1175 3638 boni
1197 3584 1227 3637 et
1247 3576 1395 3650 iniuriam,
1410 3590 1494 3655 quam

331 3670 394 3734 Deo
412 3673 534 3753 irrogat,
555 3672 698 3734 infinitam
720 3670 868 3749 quandam
889 3672 1032 3735 malitiam
1048 3673 1105 3735 sibi
1119 3673 1268 3749 implicem
1283 3681 1373 3751 atque
1387 3674 1495 3736 ideireo

331 3782 453 3843 poenam
474 3778 613 3842 meretur,
633 3784 709 3847 quae
724 3769 749 3829 si
763 3784 820 3830 non
834 3769 1013 3843 intensitate,
1026 3769 1131 3832 saltem
1146 3770 1309 3844 duratione,
1323 3771 1495 3834 infinitatem

330 3862 459 3941 aliquam
481 3866 705 3944 complectatur.

334 3992 349 4009 ν
370 3960 419 4021 Ad
439 3962 564 4025 alterum
585 3979 653 4026 vero
674 3962 752 4041 quod
774 3963 904 4037 additur,
925 3978 1045 4041 repones
1066 3965 1154 4027 finem
1176 3965 1366 4042 praecipuum
1388 3980 1495 4044 poenae

329 4057 359 4119 11
380 4058 572 4135 gubernatore
593 4061 694 4124 sociali
714 4076 771 4125 non
786 4076 851 4124 esse
865 4061 1096 4125 emendationem
1112 4063 1251 4135 nocentis,
1266 4062 1318 4124 sed
1336 4064 1496 4127 restitutio-

377 4269 411 4330 (l)
431 4268 554 4331 Pspcbol.
572 4285 592 4319 e.
609 4270 632 4329 2,
646 4278 695 4321 art.
713 4272 735 4321 l.
764 4344 768 4355 ι
