3159 4934
305 314 362 372 888
629 329 672 372 333
689 331 816 372 verunae
834 348 844 357 ·
863 329 931 372 3333
948 329 975 372 3.
993 328 1036 370 333
1053 326 1160 369 mertun

310 441 390 504 velut
411 443 634 505 consectarium.
650 440 724 506 Cum
739 443 816 506 enim
831 442 961 505 actiones
974 441 1203 512 individuorum,
1217 454 1294 518 quae
1309 454 1360 516 per
1381 438 1483 518 legem

305 539 395 617 dirigi
418 539 534 613 debent,
562 540 730 603 individuae
756 541 816 602 sint
841 550 871 603 et
898 547 1061 613 concretae,
1087 538 1135 600 lex
1162 545 1262 599 autem
1288 536 1487 624 generalibus

309 635 463 699 dumtaxat
480 638 733 714 praeceptionibus
748 640 948 711 contineatur3
966 636 1127 715 requiritur
1142 635 1271 714 prolecto
1284 635 1315 696 iu
1333 634 1487 713 principio

309 735 457 798 societatis
471 743 582 797 motore
595 734 723 797 facultas
744 734 853 813 aliqua,
867 751 884 798 a
900 735 1011 798 ratione
1032 734 1229 812 proficiscens,
1250 749 1311 812 qua
1333 733 1485 812 generalis

309 849 421 906 norma,
443 848 546 910 nempe
572 832 632 906 lex,
650 833 737 895 lactis
764 842 795 896 33
815 833 982 896 actionibus
1011 831 1207 910 peculiaribus
1235 831 1415 908 applicetur.
1443 829 1485 894 Et

309 931 447 1008 quoniam
475 931 616 994 eiusmodi
640 931 789 994 societatis
814 937 913 1015 motor
936 929 1048 992 3333333
1074 930 1103 991 33
1131 928 1306 991 auctoritate
1335 936 1486 1004 moretur,

310 1037 441 1106 potestas
454 1030 623 1091 exsecutiva
639 1029 750 1092 iunctio
771 1029 915 1107 quaedam
938 1037 984 1090 est
1004 1035 1033 1091 et
1053 1019 1099 1089 ius
1119 1007 1449 1101 auctoritatis?

349 1124 396 1188 Ex
418 1142 475 1204 quo
491 1133 579 1202 pater,
593 1140 658 1188 eam
674 1127 870 1189 conscientiae
886 1125 977 1188 veluti
998 1125 1116 1188 socialis
1129 1124 1246 1186 nomine
1259 1125 1366 1186 donari
1386 1141 1490 1203 posse,

310 1239 378 1286 cum
400 1225 477 1287 idem
498 1225 557 1287 lere
578 1240 685 1286 munus
698 1225 727 1284 in
750 1225 889 1288 societate
909 1233 1053 1297 exerceat,
1067 1223 1145 1301 quod
1166 1223 1351 1286 couscientia
1364 1231 1486 1286 exercet

310 1322 341 1383 iu
362 1323 487 1387 bomine.
511 1321 550 1387 Ut
569 1322 647 1386 euim
675 1324 749 1385 naec
771 1322 929 1400 applicatio
948 1322 1094 1400 quaedam
1117 1328 1165 1384 333
1185 1321 1283 1398 legum
1308 1321 1485 1397 moralium,

310 1420 517 1498 quaeratione
538 1421 690 1498 peragitur
710 1421 807 1499 quoad
829 1421 958 1482 actiones
978 1420 1125 1496 priuatas;
1146 1418 1190 1480 sic
1210 1417 1260 1480 illa
1280 1417 1488 1495 applicatione

311 1525 427 1581 constat
446 1518 544 1597 legum
559 1507 700 1598 33333333,
715 1533 791 1597 quae
811 1519 850 1581 ab
863 1517 1039 1581 auctoritate
1059 1528 1211 1580 exercetur
1229 1517 1329 1595 quoad
1352 1518 1489 1580 actiones

310 1615 444 1679 sociales.

350 1709 399 1776 88.
421 1709 534 1794 ouibus
548 1710 668 1779 dotibus
683 1710 835 1779 instructa
848 1728 922 1779 csse
937 1711 1038 1779 debet.
1055 1711 1191 1774 Potestas
1205 1711 1379 1774 exsecutiva
1394 1711 1487 1774 debet

310 1827 373 1874 esse
401 1809 513 1888 fidelis,
540 1810 635 1888 fortis
660 1818 688 1873 et
702 1809 855 1890 prodens.
880 1810 980 1889 Atque
1005 1812 1061 1873 hae
1082 1818 1152 1872 3333
1182 1810 1358 1914 praecipuae
1384 1809 1488 1881 dotes,

310 1925 385 1987 quas
406 1909 434 1970 iu
455 1910 519 1986 ipsa
541 1908 727 1972 considerare
748 1923 918 1985 possumus

351 2004 384 2070 lu
405 2004 509 2082 primis
529 2005 629 2084 itaque
649 2005 735 2068 debet
756 2021 822 2068 esse
843 2005 949 2084 tidelis,
969 2005 1107 2067 nimirum
1125 2005 1272 2068 eiusmodi
1286 2014 1316 2066 ut
1328 2018 1363 2064 ue
1377 2003 1478 2064 latum

311 2103 429 2181 quidem
452 2118 577 2181 unguem
599 2119 616 2164 a
637 2101 734 2180 legum
752 2103 935 2180 praescripto
955 2103 1102 2177 discedat;
1124 2104 1163 2165 ab
1177 2102 1214 2164 iis
1230 2103 1304 2165 enim
1317 2101 1482 2163 dumtaxat

313 2201 373 2263 vim
394 2216 509 2264 omnem
531 2201 628 2262 etius
649 2208 811 2262 mutuatur.
826 2199 923 2274 Quare
945 2202 1092 2277 princeps,
1106 2201 1195 2264 etiam
1209 2200 1239 2262 33
1254 2198 1393 2278 regimine
1414 2214 1486 2261 333-

311 2300 450 2363 uarcbico
465 2308 494 2362 et
508 2297 652 2372 absoluto,
668 2306 755 2375 prout
769 2298 935 2360 exsecutiva
958 2305 1103 2374 potestate
1116 2305 1247 2376 ornatur,
1263 2313 1319 2360 uon
1333 2312 1430 2374 supra
1443 2296 1488 2358 le·

312 2413 387 2476 gem,
399 2397 451 2460 sed
465 2397 522 2458 sub
536 2395 600 2474 lege
613 2402 674 2469 est;
689 2411 741 2457 uec
756 2395 842 2458 aliter
856 2394 1021 2473 peculiares
1034 2395 1221 2473 quaestiones
1236 2395 1357 2457 delinire
1371 2402 1489 2472 potest,

311 2496 368 2558 nisi
388 2500 475 2572 prout
495 2494 575 2572 leges
596 2492 802 2556 constabilitae
826 2491 1019 2569 praecipiunt.
1040 2489 1105 2556 Hoc
1133 2492 1211 2554 euim
1239 2491 1359 2569 proprie
1378 2491 1485 2553 (3333333

312 2593 440 2670 regimen
462 2590 684 2653 monarchicum
698 2606 723 2651 a.
732 2589 896 2666 despotico:
911 2589 989 2667 quod
1003 2591 1033 2651 iu
1047 2589 1197 2667 despotico
1213 2589 1350 2652 voluutas
1363 2596 1487 2650 tantum

312 2689 482 2765 imperantis
495 2689 555 2749 vim
576 2687 694 2760 lrabeat,
709 2687 737 2747 in
755 2687 942 2750 monarchico
957 2702 1012 2748 nou
1033 2687 1189 2749 arbitrium
1212 2687 1262 2748 scd
1278 2686 1325 2749 lex
1342 2687 1491 2763 imperem

311 2801 386 2863 quae
406 2786 476 2848 licet
490 2784 664 2847 auctoritate
680 2785 822 2861 principis
835 2783 894 2845 lata
908 2770 959 2857 333,
975 2793 1071 2846 tamen
1087 2785 1160 2846 dum
1174 2768 1492 2861 manetipiimprin·

312 2882 386 2957 cipis
407 2881 584 2944 voluntatem
599 2881 655 2944 sibi
671 2882 780 2944 subdit.
796 2879 908 2944 Poterit
922 2883 1022 2959 utique
1038 2883 1184 2960 princeps,
1198 2883 1224 2943 si
1244 2883 1353 2945 bonum
1371 2881 1492 2943 sociale

312 2979 342 3040 id
363 2979 447 3053 33333,
465 2979 557 3078 legem
573 2980 733 3058 generatim
749 2980 893 3056 abrogare
906 2987 958 3042 ant
971 2981 1000 3040 33
1014 2978 1104 3040 aliem
1119 2987 1303 3063 couvertere3
1318 2980 1370 3042 sed
1385 2981 1492 3045 donec

312 3077 342 3138 id
364 3077 426 3148 3333,
447 3077 493 3136 333
513 3071 570 3139 noti
575 3066 679 3139 'habet
700 3076 856 3139 deliniendi
877 3077 1049 3154 quidquam,
1070 3071 1162 3155 quod
1172 3057 1345 3170 vigLntibus
1352 3077 1493 3156 legibus

312 3174 492 3237 adversetur.
516 3171 670 3236 Societatis
684 3177 760 3236 enim
781 3190 838 3237 uon
853 3173 994 3268 dominus
955 3181 1065 3248 uest
1086 3176 1275 3263 secretos:
1289 3184 1379 3253 atque
1393 3177 1440 3238 ad
1457 3193 1492 3239 ea

313 3279 427 3333 tantum
451 3285 482 3332 33
504 3271 652 3348 porrigere
674 3279 777 3348 potest,
798 3271 835 3332 ad
851 3287 928 3349 quae
948 3271 1045 3334 civilis
1067 3280 1200 3350 potestas
1215 3272 1341 3336 diversis
1355 3274 1497 3338 iunctio·

313 3369 408 3446 33333,
430 3385 504 3446 quas
525 3367 737 3446 complectitur,
761 3384 794 3431 33
815 3368 970 3446 protendit.
992 3369 1035 3432 nt
1055 3386 1116 3450 3333
1143 3371 1265 3433 definire
1285 3378 1387 3434 contra
1414 3373 1477 3452 leg
1451 3393 1495 3437 trrs

313 3465 529 3544 praescriptum
551 3466 589 3528 ad
610 3465 719 3526 nullam
739 3467 927 3529 auctoritatis
947 3445 1126 3530 functionem
1148 3471 1287 3546 pertinet.

352 3559 430 3625 Hinc
453 3571 548 3626 tamen
570 3562 689 3624 minime
710 3564 843 3640 sequitur
864 3579 919 3627 uon
943 3580 1029 3641 posse
1043 3579 1197 3642 supremos
1211 3549 1395 3643 imperantes
1411 3567 1495 3647 legis

313 3661 488 3738 quaudoque
501 3659 700 3738 exceptionem
715 3661 820 3733 iacere,
837 3660 899 3722 sive
909 3660 945 3722 ad
962 3663 1211 3753 benefaciendum,
1226 3663 1289 3725 sive
1302 3662 1340 3723 ad
1358 3678 1491 3740 poenam

314 3757 444 3835 aliquam
469 3757 697 3820 condonandam.
713 3753 790 3819 Nam
810 3758 850 3830 id,
871 3759 986 3835 quoties
1007 3774 1063 3821 non
1084 3768 1193 3822 temere
1215 3762 1277 3832 liat,
1298 3761 1353 3822 sed
1375 3761 1493 3825 intuitu

203 3886 206 3893 -
315 3853 381 3915 boni
403 3853 578 3929 3333333333,
598 3869 650 3916 333
679 3853 772 3915 ullum
794 3853 952 3917 alterius
945 3872 991 3917 333
1011 3856 1123 3930 laedam
1155 3857 1255 3936 legum
1278 3859 1493 3925 observantiae

316 3949 434 4010 minime
455 3958 607 4029 repugnet,
628 3950 680 4013 sed
703 3951 801 4028 potius
814 3952 851 4013 ad
868 3951 1070 4041 clementiam
1067 3963 1097 4037 33
1103 3954 1321 4039 liberalitatem
1339 3958 1492 4038 principis

317 4044 450 4118 pertinet.
464 4044 503 4107 llt
524 4063 594 4109 3333
616 4047 660 4110 333
682 4046 779 4125 legum
802 4045 903 4111 inboc
923 4031 1070 4125 cerritum
1088 4059 1122 4113 ut
1134 4052 1172 4114 ad
1192 4050 1306 4117 bouum
1323 4069 1490 4142 commuue

317 4139 472 4202 conterant.
494 4140 524 4204 Si
545 4144 636 4221 igitur
661 4145 690 4206 in
712 4152 817 4206 eventu
843 4146 971 4223 quodam
993 4149 1163 4224 particulari
1190 4151 1299 4213 bonum
1328 4166 1497 4218 commune

315 4235 493 4299 contrarium
508 4239 569 4300 3333
585 4241 734 4314 postulare
748 4241 893 4316 videatur,
914 4244 992 4328 quod
1008 4244 1053 4307 lex
1070 4247 1253 4324 praescribit,
1268 4256 1322 4310 aut
1335 4249 1365 4310 si
1384 4248 1494 4330 aliqua
