3159 4934
408 328 493 372 curun
514 328 550 371 ιιι.
567 330 602 372 nn
619 328 720 372 sociam
738 330 852 373 narrare
869 330 985 375 cnnrruu
1230 320 1283 377 369

108 443 239 523 aliquam
262 442 441 521 impartitur,
455 441 592 521 quodque
605 442 712 505 iterum
733 444 921 507 reflorescere
940 459 976 507 ac
991 444 1069 507 vires
1083 461 1153 507 suas
1169 447 1278 509 sensim

107 542 173 604 sine
194 557 282 603 sensu
302 555 438 603 exercere
459 540 619 604 contendit.

149 638 287 703 Alterum
308 649 384 719 vero,
407 639 484 717 quod
512 639 584 713 dixi,
605 654 661 701 non
682 640 786 711 minori
807 639 953 704 euidentia
981 639 1127 702 clarescit.
1151 638 1228 703 Nam
1250 640 1277 703 si

107 739 243 802 homines
262 737 451 801 incitamento
464 738 576 801 amoris
592 737 699 815 privati
713 737 822 800 abduci
843 753 874 800 se
894 737 1000 814 simut,
1022 737 1188 801 studiorum
1210 752 1279 801 con·

106 852 199 899 cursu
214 852 269 899 non
291 835 328 898 ad
344 851 435 897 unum
455 841 485 897 et
499 834 632 912 generale
646 836 754 898 bonnm
768 833 988 913 conspirabunt,
1003 834 1089 896 cuius
1102 849 1204 897 omnes
1220 834 1279 898 siut

108 934 276 1012 participes,
291 932 342 995 sed
356 932 476 995 assidue
490 932 635 995 divertent
647 933 724 995 inter
738 947 780 1012 se,
791 940 880 1010 atque
894 932 932 994 ad
948 932 1096 1010 propriam
1117 931 1277 995 utilitatem

109 1032 207 1095 omnia
222 1046 359 1093 revocare
372 1029 596 1092 adlaboraounu.
612 1025 805 1108 Quapropter,
820 1043 878 1107 quo
901 1029 996 1108 magis
1011 1030 1087 1091 inter
1107 1044 1158 1091 cos
1175 1036 1278 1092 mutua

109 1129 244 1207 augescit
265 1126 503 1201 communionum
518 1142 552 1189 eo
573 1126 762 1190 dissidiorum
777 1132 808 1189 ct
822 1126 1011 1189 conflictuum
1026 1127 1135 1189 crescit
1149 1128 1276 1203 occasio,
1304 1114 1307 1121 ’

72 1259 79 1271 -
109 1227 141 1287 in
155 1226 264 1304 quibus
277 1224 390 1288 nonnisi
412 1226 589 1303 potentiores
611 1224 835 1303 callidioresque
856 1226 1047 1302 superabunt.
1065 1221 1099 1287 ld
1121 1240 1191 1288 vero
1212 1240 1282 1287 cum

108 1324 278 1403 aliquorum
300 1323 496 1403 tyrannidem,
520 1331 742 1402 ceterorumque
766 1326 942 1387 servitutem
961 1324 1101 1399 adducat,
1123 1332 1203 1387 certe
1223 1340 1281 1387 non

108 1422 207 1485 civilis
227 1422 361 1485 culturae
381 1422 605 1494 incrementum,
620 1421 671 1483 sed
692 1422 911 1486 decrementum
925 1429 955 1485 et
970 1422 1060 1485 veluti
1084 1429 1208 1485 mortem
1223 1422 1279 1484 im-

108 1528 218 1599 portat
237 1517 277 1584 Ut
297 1520 389 1598 igitur
403 1526 484 1582 tanta
501 1519 644 1596 pernicies
659 1520 687 1581 in
709 1520 849 1583 societate
862 1521 993 1582 humana
1008 1519 1179 1598 declinetur,
1195 1535 1279 1582 sum-

107 1633 227 1696 mopere
249 1616 415 1679 necessaria
428 1624 474 1678 est
493 1615 585 1678 tutela
597 1623 628 1679 et
648 1617 778 1679 inllnrus
790 1614 907 1680 divinae
928 1616 1009 1679 illius
1030 1616 1190 1694 religionis,
1202 1628 1278 1697 quae

108 1722 174 1778 tota
187 1722 297 1793 quanta
311 1720 356 1776 est
369 1714 398 1775 in
420 1712 574 1777 dilectione
588 1714 736 1787 fundatur,
751 1730 796 1789 ac,
812 1704 987 1794 perpetuum
1009 1714 1118 1777 bellum
1134 1715 1279 1793 cupidita-

111 1812 194 1875 tibus
207 1811 348 1885 indicens,
362 1810 476 1873 animos
497 1810 614 1873 caelesti
630 1811 753 1874 caritate
766 1812 871 1875 dilatat
892 1820 922 1876 et
941 1812 1085 1875 devincit:
1099 1809 1144 1875 In
1164 1808 1220 1875 hoe
1234 1828 1281 1875 eo·

106 1911 261 1990 patescent
280 1924 384 1970 omnes
406 1907 482 1987 quio
501 1905 651 1986 discipuli
670 1908 730 1971 mei
749 1909 835 1987 estis,
850 1908 882 1971 si
893 1908 1088 1975 dilectionem
1108 1906 1283 1973 leubueritis

108 2006 155 2070 ad
174 2007 306 2069 iudicem
320 2005 372 2086 (l).
937 2014 939 2017 ·

151 2106 233 2171 Haec
255 2107 344 2184 probe
368 2106 529 2185 intelligere
549 2106 697 2180 decerent,
718 2107 744 2169 si
765 2107 829 2169 lieri
851 2116 961 2185 posset,
982 2108 1071 2186 inepti
1092 2108 1135 2170 illi
1160 2116 1280 2171 nostrae

110 2209 219 2269 aetatis
238 2204 413 2267 clamatores
426 2211 456 2266 et
476 2203 612 2277 rabulam
625 2204 676 2282 qui
699 2220 887 2283 progressum
904 2222 1020 2284 semper
1041 2208 1070 2267 in
1085 2221 1134 2268 ore
1155 2206 1276 2279 habent,

111 2304 165 2367 scd
185 2305 248 2367 eius
267 2318 353 2366 veras
373 2318 480 2365 causas
498 2309 529 2364 et
551 2301 730 2365 necessarias
752 2302 932 2366 conditiones
953 2306 1098 2381 ignorant.

162 2498 462 2563 (1)10unms,itttt‚35.
939 2488 1124 2857 Affs
1161 2524 1178 2587 Ι
1187 2524 1279 2717 UA

420 2793 424 2802 ι

900 3012 904 3019 v
915 3013 918 3017 .

243 3095 318 3141 rlltts
339 3095 416 3141 runis
437 3094 702 3141 trtrnnrtarlortlltts
726 3094 762 3138 ΕΤ
783 3092 885 3137 '1'0'1'lUS
907 3091 982 3136 lunis
1005 3090 1152 3137 aaronis.

591 4038 807 4089 IMPRlMATUR

343 4139 423 4197 Preti,
439 4154 471 4187 ex
487 4138 563 4187 Curia
578 4138 694 4203 Episcop.
710 4138 750 4187 die
767 4136 798 4184 19
815 4136 970 4200 Septembris
987 4134 1065 4205 1884.Ι

518 4218 545 4269 0.
561 4218 590 4267 B.
606 4218 731 4277 Mnazour,
748 4217 802 4267 Vio.
819 4217 883 4266 Gen.

177 4392 350 4441 Lrnnnnroen
365 4418 397 4428 -
413 4390 509 4438 Echino
525 4399 549 4439 et
566 4389 611 4437 ius
625 4396 747 4436 naturae.
