3159 4934
316 371 371 430 dli
640 385 682 428 rus
699 385 824 428 utrumn
843 404 853 414 ·
871 376 938 427 naas
956 384 981 427 n.
999 384 1042 427 tus
1059 383 1166 427 somnne

315 497 523 572 defensionem,
545 507 577 560 nt
597 497 709 576 dentes,
732 513 852 571 cornua,
874 513 997 576 ungues,
1026 496 1073 560 vel
1101 481 1207 560 saltem
1236 497 1421 561 velocitatem
1449 499 1491 561 ad

315 597 424 676 fugam.
446 593 543 661 Homo
563 603 662 660 autem
683 596 839 658 institutus
859 603 905 657 est
926 595 1007 660 nullo
1028 596 1134 658 horum
1157 595 1214 658 sibi
1235 613 1252 658 a
1274 603 1382 658 natura
1403 612 1490 675 prae·

316 706 429 774 parato,
449 694 502 758 sed
521 695 586 758 loco
607 693 736 758 omnium
759 693 827 756 dala
843 701 890 756 est
904 693 931 755 ei
945 693 1032 782 ratio,
1046 708 1098 772 per
1110 708 1200 771 qnam
1216 694 1272 756 sibi
1292 695 1367 756 haec
1387 695 1487 758 omnia

313 795 411 858 officio
427 809 566 856 manuum
580 801 678 872 posset
694 806 880 877 praeparare,
894 779 975 855 et‘ad
989 806 1065 870 qnae
1079 792 1175 853 omnia
1189 791 1391 871 praeparanda
1408 809 1488 854 unns
1567 792 1568 821 ³

315 896 402 958 homo
422 909 480 956 non
502 893 623 956 sufficit.
644 875 820 980 Nddfffnnus
841 891 930 953 nomn
951 905 1002 979 mr
1024 886 1255 961 seandicienter
1271 889 1362 951 vitam
1379 890 1491 952 transi·
1567 896 1568 961 l

313 1009 382 1075 gere
403 1007 458 1056 non
481 998 588 1069 posset.
610 987 664 1053 Est
684 988 776 1068 igitur
797 988 907 1051 homini
936 987 1071 1050 naturale
1089 986 1168 1065 quod
1189 991 1219 1049 in
1242 987 1384 1051 societate
1407 987 1487 1050 mnl-
1567 990 1568 997 ’

314 1105 411 1176 torum
426 1089 681 1172 vivatmmplius,
702 1087 772 1151 aliis
792 1085 994 1149 animantibus
1014 1085 1101 1148 insita
1121 1093 1165 1148 est
1184 1084 1326 1147 naturalis
1339 1085 1487 1147 industria
1567 1094 1568 1161 j

315 1190 352 1252 ad
374 1189 470 1252 omnia
492 1204 536 1261 ea,
557 1201 633 1268 quae
655 1192 724 1248 sunt
746 1185 789 1248 eis
811 1183 894 1246 utilia
916 1182 962 1246 vel
983 1184 1096 1257 nociva,
1119 1183 1196 1246 sicut
1219 1183 1284 1244 ovis
1311 1181 1488 1244 naturaliter

314 1285 575 1363 aestimationem
597 1283 758 1348 inimicum.
780 1278 932 1356 Quaedam
954 1281 1043 1344 etiam
1068 1278 1205 1342 animalia
1226 1295 1263 1345 ex
1284 1280 1412 1342 naturali
1442 1281 1488 1341 in·

315 1385 429 1448 dustria
451 1390 631 1462 cognoscunt
650 1380 766 1460 aliquas
794 1380 903 1442 herbas
930 1377 1119 1441 medicinales
1145 1386 1176 1440 et
1203 1378 1260 1441 alia
1280 1392 1383 1440 eorum
1405 1375 1488 1439 vitae

315 1482 485 1547 necessaria.
507 1479 604 1545 Homo
624 1475 723 1542 ddtern
739 1479 856 1552 horum,
870 1492 948 1556 quae
962 1484 1032 1540 sunt
1052 1478 1130 1540 vitae
1150 1491 1222 1539 snae
1240 1476 1420 1549 necessaria,
1435 1493 1489 1538 na·

268 1630 273 1640 .
315 1580 440 1644 annalem
462 1580 656 1660 cognitionem
677 1579 767 1640 habet
781 1576 878 1639 solum
899 1575 928 1638 in
950 1576 1109 1648 communi,
1122 1573 1205 1654 quasi
1220 1589 1321 1651 coner
1339 1573 1485 1636 rationem

314 1683 427 1748 valente
446 1698 482 1743 ex
505 1675 716 1743 universalibus
737 1673 890 1753 principiis
909 1673 948 1735 ad
968 1672 1162 1751 cognitionem
1186 1671 1381 1750 singulorum,
1404 1687 1486 1750 qnae

313 1779 476 1845 necessaria
498 1783 575 1849 sunt,
597 1774 754 1853 pervenire.
777 1770 842 1835 Non
864 1779 910 1833 est
930 1779 1030 1834 autem
1052 1771 1188 1849 possibile
1208 1770 1288 1849 quod
1302 1787 1380 1832 unus
1393 1771 1486 1834 homo

312 1879 351 1942 ad
372 1877 468 1941 oninia
489 1871 659 1938 huiusmodi
681 1886 732 1950 per
753 1886 838 1933 snam
860 1869 1003 1932 rationem
1026 1869 1181 1946 pertingat.
1195 1866 1251 1931 Es‘t
1271 1868 1365 1948 igitur
1384 1885 1486 1932 neces·

314 1977 425 2038 sarium
447 1971 558 2036 homini
579 1969 657 2048 qnod
677 1970 707 2030 in
729 1967 916 2029 multitudine
937 1967 1028 2040 vivat,
1049 1974 1082 2028 nt
1103 1982 1177 2028 nnus
1191 1966 1230 2028 ab
1244 1967 1302 2030 alio
1316 1967 1485 2040 adinvetnr,

312 2081 342 2135 et
362 2071 469 2134 diversi
491 2069 617 2131 diversis
638 2064 817 2128 inveniendis
838 2079 890 2142 per
911 2065 1052 2126 rationem
1074 2071 1256 2140 occupentur
1270 2061 1321 2143 (l).
1337 2085 1355 2119 »

352 2168 438 2233 Prob.
451 2165 500 2231 lll.
513 2182 549 2229 ex
563 2163 702 2227 facultate
716 2161 864 2240 loquendi.
877 2158 970 2224 Home
985 2169 1101 2233 tanturn
1116 2161 1193 2224 inter
1207 2170 1304 2224 cetera
1319 2162 1484 2224 animantia

313 2283 446 2332 sermone
464 2264 574 2329 fruitur
594 2261 623 2324 vi
645 2266 775 2325 naturae.
798 2259 889 2337 Atqui
911 2274 1007 2321 sermo
1027 2267 1073 2322 est
1095 2259 1243 2322 vinculum
1269 2260 1433 2340 societatis,
1456 2268 1485 2324 et

312 2366 348 2428 ad
371 2361 646 2429 communicandum
668 2373 735 2439 cum
757 2357 824 2419 aliis
840 2364 919 2419 totus
934 2363 1064 2435 quantus
1084 2366 1131 2419 est
1151 2357 1313 2420 ordinatur.
1334 2356 1415 2438 Ergo
1433 2376 1484 2422 na·

312 2473 396 2525 turae
416 2460 538 2524 intentio
552 2458 581 2520 in
596 2456 714 2520 homine
734 2453 1055 2534 procreandominime
1075 2457 1131 2518 fnit
1145 2463 1179 2517 nt
1192 2455 1256 2535 ipse
1270 2454 1364 2518 vitam
1382 2457 1485 2520 solita-

312 2549 386 2624 riam'
402 2567 511 2638 ageret,
528 2558 579 2621 sed
594 2567 627 2618 ut
642 2556 787 2619 consortio
801 2562 964 2617 ceterorum
980 2561 1120 2650 uteretuu
1136 2551 1201 2618 Hoc
1214 2556 1305 2618 etiam
1324 2572 1484 2634 argumen·
1566 2552 1567 2555 ’

313 2669 375 2722 tum
396 2659 518 2720 affertur
539 2675 556 2718 a
578 2654 608 2720 S.
623 2653 748 2728 Thema,
770 2653 815 2716 sic
836 2654 942 2716 aiente:
970 2675 988 2710 ‹
1002 2649 1067 2716 Hoc
1087 2652 1177 2716 etiam
1197 2654 1419 2718 evidentissime
1433 2656 1485 2719 de-

311 2756 440 2819 claratur
455 2770 507 2832 per
521 2755 588 2827 hoc,
601 2753 679 2832 quod
694 2758 739 2815 est
753 2751 905 2830 proprium
921 2749 1048 2813 hominis
1061 2751 1231 2829 loquutione
1246 2753 1302 2826 oti,
1316 2769 1369 2830 per
1388 2770 1480 2832 quam

314 2869 388 2914 unus
409 2853 497 2915 homo
517 2851 584 2916 aliis
612 2866 698 2913 snum
727 2857 901 2927 conceptum
930 2848 1059 2911 totaliter
1088 2857 1185 2927 potest
1211 2851 1386 2928 exprimere.
1409 2850 1479 2915 Alia

311 2948 429 3027 quidem
451 2948 588 3010 animalia
616 2948 784 3025 exprimunt
812 2954 915 3008 mutuo
944 2948 1092 3023 passiones
1120 2963 1191 3009 snas
1219 2948 1344 3012 diversis
1372 2950 1481 3013 modis.

312 3043 408 3125 Magis
423 3045 514 3125 igitur
528 3046 615 3108 homo
629 3054 680 3108 est
690 3045 954 3107 communicativus
970 3043 1064 3124 alteri,
1076 3061 1163 3124 qnam
1176 3047 1386 3126 quodcumque
1399 3048 1481 3111 aliud

311 3141 421 3205 animal
434 3142 511 3221 quod
526 3142 643 3222 gregale
664 3143 789 3216 uidetur,
813 3151 845 3205 ut
866 3159 948 3220 grus,
969 3145 1092 3208 formica
1113 3153 1143 3208 et
1163 3147 1229 3224 apis
1243 3142 1295 3225 (f).
1311 3169 1329 3203 »
1347 3144 1387 3209 Ea
1407 3147 1480 3210 alibi

312 3241 421 3304 clarius
434 3256 550 3319 quoque
564 3240 639 3302 idem
655 3249 861 3319 argumentum
875 3241 1003 3318 exponit,
1018 3251 1163 3320 qnatenus
1186 3252 1301 3318 natura,
1316 3260 1383 3307 cum
1403 3245 1480 3308 nihil

310 3347 496 3419 praepostere
509 3344 589 3416 agat,
604 3337 704 3416 nequit
718 3338 848 3400 tribuere
863 3339 991 3401 medium
1002 3339 1170 3402 ordinatum
1186 3341 1225 3403 ad
1239 3343 1327 3404 finem
1337 3341 1481 3420 aliquem,

311 3439 381 3518 quin
403 3437 567 3500 subiectum
589 3436 686 3512 insum
708 3436 823 3498 ordinet
842 3436 880 3498 ad
901 3438 988 3500 finem
1012 3438 1106 3514 illum;
1130 3461 1148 3495 a
1163 3437 1238 3501 Cum
1260 3441 1372 3504 homini
1388 3439 1480 3504 datus

312 3538 350 3598 sit
372 3551 468 3598 sermo
489 3550 506 3595 a
527 3540 641 3608 nutura,
662 3541 693 3594 et
713 3549 808 3595 sermo
823 3534 973 3596 ordinetur
987 3535 1024 3598 ad
1038 3536 1095 3597 noo
1116 3538 1195 3614 quod
1216 3537 1350 3600 homines
1365 3538 1422 3601 sibi
1436 3541 1481 3601 in-

309 3635 404 3698 uicem
426 3633 640 3696 communicent
661 3631 690 3693 ia
714 3632 777 3693 utili
799 3640 828 3694 et
851 3634 961 3706 nocivo,
982 3632 1061 3695 iusto
1076 3642 1105 3695 ct
1120 3634 1230 3697 iniusto
1245 3643 1275 3697 et
1288 3635 1354 3697 aliis
1375 3635 1479 3698 huius-

310 3732 406 3805 modit
424 3732 565 3808 sequitur,
587 3745 622 3792 ex
642 3745 702 3808 quo
721 3737 827 3791 natura
848 3730 921 3792 nihil
949 3730 1020 3793 facit
1048 3733 1169 3804 frustra,
1196 3732 1275 3809 quod
1302 3733 1480 3796 naturaliter

309 3828 443 3891 homines
469 3829 498 3890 in
527 3827 575 3890 lais
605 3827 661 3889 sibi
690 3827 914 3890 communicent.
936 3827 991 3892 Sed
1014 3830 1242 3893 communicatio
1267 3830 1296 3893 in
1318 3831 1388 3894 istis
1409 3832 1479 3896 facit

310 3924 428 3987 domum
450 3935 480 3988 et
500 3926 657 3989 civitatem.
679 3921 777 4003 igitur
798 3925 888 3987 homo
907 3934 953 3988 est
969 3926 1144 3989 naturaliter
1158 3926 1268 3989 animal
1283 3928 1479 3994 domesticum

308 4029 340 4084 et
361 4022 446 4085 civile
461 4020 510 4101 (3).
526 4045 544 4079 »

326 4244 329 4252 ,
356 4188 389 4248 tlt
406 4190 445 4238 De
460 4192 591 4253 regimine
608 4193 776 4257 mancipum.
795 4192 833 4242 tio.
851 4192 868 4251 l,
884 4206 938 4256 cap.
955 4191 977 4243 2.

358 4268 393 4328 (2)
408 4269 475 4318 Loco
492 4272 608 4334 superius
626 4274 710 4322 citato.

359 4347 392 4409 (3)
409 4349 437 4396 In
454 4349 545 4398 librum
560 4349 575 4396 4
592 4351 698 4403 Politic.
714 4353 769 4402 lect.
786 4354 811 4402 1.
