3159 4934
334 333 418 375 carun
437 332 471 375 ru.
490 333 524 374 nn
540 329 632 374 uonna
650 331 821 374 ornandorus
839 332 967 375 munuae
1203 321 1240 380 ts

84 448 249 526 respectibus
270 464 307 510 ex
328 447 536 512 constitutione
561 455 692 520 naturae,
712 461 770 524 qua
795 447 883 508 homo
904 446 1024 523 gaudet,
1046 447 1264 524 proficiscen·

84 519 216 625 offis).
229 544 337 610 Verum
359 548 415 611 hae
430 547 559 609 notiones
573 562 629 608 non
651 553 719 607 snnt
733 553 899 608 accuratae.
921 544 981 610 len
996 546 1083 621 enirn,
1104 548 1159 609 etsi
1182 563 1234 609 na·

85 653 153 706 torae
179 660 275 706 rerum
304 661 464 722 earumque
492 643 682 708 relationibus
711 659 869 707 consonare
896 643 1011 719 debeat,
1040 652 1136 706 tamen
1166 661 1234 707 curn

82 742 144 818 ipsis
163 742 360 804 contundenda
381 757 437 804 non
458 751 511 805 est.
533 740 606 806 Eius
627 743 704 805 enirn
730 741 917 814 trinacriam
944 742 969 803 si
998 741 1159 818 generatim
1189 760 1240 802 sn-

82 841 169 915 mitur‚
183 849 347 918 respectum
363 857 478 919 semper
492 842 530 904 ad
544 843 741 920 operationem
763 842 921 919 importat;
942 841 1120 904 increatum
1137 850 1236 903 autern

82 938 210 1012 rationali
231 954 300 1000 cum
321 938 529 1018 obligationem
550 939 691 1001 moralem
713 938 852 1011 adducat,
872 938 1029 1016 imperium
1050 954 1166 1017 quoque
1187 954 1238 999 su·

82 1035 192 1111 periuris
212 1035 367 1098 cuiusdam
388 1037 524 1100 continet.
547 1034 693 1099 Gallicum
715 1036 815 1114 itaque
836 1033 1042 1114 lurisperitum
1060 1036 1240 1099 deserentes,

79 1133 114 1194 ad
133 1130 158 1194 S.
178 1131 321 1197 Thomam
342 1149 395 1199 nos
417 1141 632 1198 convertamus.

113 1228 167 1293 Lex
181 1233 208 1293 in
225 1233 330 1310 primis
342 1232 418 1294 surni
433 1239 528 1310 potest
537 1233 680 1294 latissime
693 1247 745 1309 pro
757 1231 859 1309 regula
873 1231 1084 1310 cuiuscumque
1095 1232 1235 1306 actionis3

78 1335 155 1405 atque
174 1330 213 1392 ita
236 1345 292 1393 non
315 1330 401 1392 rnodo
421 1331 562 1409 homines,
578 1329 734 1392 sedetiam
751 1329 873 1403 belluae,
889 1329 1015 1405 plantae,
1037 1344 1160 1407 corpora
1174 1329 1237 1391 ina-

79 1426 155 1500 nima,
168 1427 313 1506 quidquid
332 1428 456 1507 deniqne
477 1435 625 1505 operatur,
646 1428 709 1489 suis
729 1427 846 1506 legibus
867 1428 1061 1489 instruuntur.
1084 1425 1168 1490 Unde
1188 1427 1236 1490 lex

78 1525 229 1599 gravitatis,
252 1525 299 1588 lex
320 1526 499 1605 nutritionis,
520 1525 567 1587 len
589 1525 710 1588 visionis
732 1525 880 1588 communi
895 1540 1029 1588 sermone
1046 1533 1235 1603 usurpantur.

110 1618 200 1685 llinus
221 1624 281 1685 late
301 1623 339 1686 iis
358 1624 469 1686 normis
491 1623 691 1703 significandis
711 1631 841 1701 aptatur,
855 1637 931 1701 qnae
952 1639 969 1684 a
990 1624 1102 1686 ratione
1117 1625 1233 1687 artibus

79 1721 314 1794 praescribuntur.
338 1720 387 1784 Sic
408 1721 467 1785 dici
488 1721 583 1785 solent
604 1721 685 1800 leges
703 1721 846 1798 picturae,
859 1720 940 1799 leges
956 1723 1065 1798 poesim
1080 1721 1160 1800 leges
1174 1722 1236 1784 elo-

76 1819 205 1894 quentiae,
228 1819 310 1898 leges
331 1816 520 1883 aestlreticae.

110 1913 231 1980 landem
256 1921 360 1980 stricta
382 1926 412 1980 et
434 1919 552 1996 propria
573 1918 743 1994 acceptione
764 1919 896 1982 actiones
917 1925 1031 1979 tantum
1047 1917 1173 1980 morales
1188 1934 1234 1980 re-

76 2013 152 2089 spicit
164 2031 199 2078 ac
213 2016 348 2094 regulam
363 2018 510 2095 exprimit,
525 2034 583 2096 qua
601 2017 668 2080 illae
689 2007 898 2096 temperantur.
922 2040 940 2074 e
954 2015 1025 2092 Lex,
1045 2018 1087 2079 ait
1109 2015 1139 2080 S.
1156 2015 1236 2081 Tho-

78 2125 139 2186 mas,
158 2115 262 2191 regula
284 2115 426 2192 quaedam
448 2124 495 2178 cst
516 2124 545 2178 et
566 2132 703 2178 mensura
718 2125 850 2189 actuum,
864 2117 1025 2179 secundum
1041 2133 1131 2194 quarn
1145 2117 1235 2179 indn-

76 2208 141 2271 citur
160 2211 269 2291 adquis
291 2213 329 2274 ad
350 2213 505 2292 agendum,
526 2213 572 2276 vel
592 2216 630 2276 ab
651 2215 763 2292 agendo
778 2215 948 2276 retrahitur.
964 2213 1081 2278 Dicitur
1095 2215 1171 2277 enim
1185 2213 1234 2276 lex

75 2306 229 2385 aligando,
253 2311 322 2388 quia
336 2311 457 2390 obligat
477 2310 515 2372 ad
536 2312 682 2389 agendum
699 2309 749 2391 (i).
766 2332 783 2367 »
805 2309 903 2384 Quare
923 2329 940 2373 a
962 2310 991 2374 S.
1009 2310 1136 2374 Doctorc
1160 2312 1233 2374 deti-

76 2403 157 2486 nitur:
182 2405 347 2471 Ordinatio
373 2408 508 2471 rationis
535 2407 578 2470 act
600 2406 712 2471 bouum
733 2427 892 2472 commuue
918 2407 958 2470 ob
981 2426 1024 2484 eo,
1046 2409 1102 2487 qui
1122 2427 1232 2471 curam

75 2498 153 2564 tadei
170 2505 414 2581 communitatis,
431 2505 636 2586 proarulputo
652 2503 703 2587 (3).
725 2503 807 2580 Quae
828 2507 986 2584 descriptio
1007 2507 1118 2585 optima
1139 2514 1184 2568 est
1204 2515 1236 2569 ει

74 2599 105 2658 ad
119 2612 288 2680 conceptum
310 2603 384 2682 legis
406 2603 489 2681 plene
503 2603 714 2666 declarandum
729 2605 842 2667 idonea.
865 2603 940 2667 Cum
960 2605 1036 2667 enim
1052 2605 1161 2678 dicitnr
1184 2623 1237 2666 or-

75 2693 180 2760 dinatio
193 2699 341 2773 rationis,
362 2701 492 2763 innuitur
506 2701 571 2763 eius
585 2701 676 2780 origo,
693 2717 769 2778 quae
790 2719 807 2763 a
829 2703 941 2765 ratione
955 2703 1043 2766 debet
1056 2719 1130 2766 esse.
1145 2702 1236 2768 Ratio

73 2797 140 2856 enirn
160 2805 205 2860 est
226 2797 329 2876 regula
348 2814 475 2873 morum,
490 2800 545 2861 etsi
560 2799 590 2860 in
605 2808 748 2877 qnantum
758 2799 983 2882 practicmsen
999 2810 1087 2877 prout
1101 2801 1237 2864 subiacet

75 2893 181 2956 motioni
202 2895 373 2958 voluntatis.
388 2896 531 2959 Additur:
550 2894 591 2957 ont
605 2893 717 2958 domum
732 2914 905 2973 commune,
921 2906 953 2958 nt
967 2897 1015 2960 lex
1036 2897 1237 2976 distinguatur

73 3005 268 3074 apraecepto;
292 2997 370 3074 quod
390 3013 447 3060 non
469 2999 522 3061 toti
544 2997 759 3072 communitati,
782 2999 834 3061 sed
857 2999 996 3077 peculiari
1018 3015 1158 3076 personae
1179 3003 1235 3062 irn-

75 3091 302 3172 ponitnrssatqne
325 3095 414 3158 etiarn
436 3113 452 3156 a
476 3095 589 3173 privato
615 3097 732 3158 nomine
759 3095 871 3175 iniungi
898 3104 1004 3174 potest,
1029 3097 1080 3176 qni
1106 3098 1236 3161 dominio

73 3187 160 3267 aliquo
180 3201 304 3254 ornatus
326 3193 374 3254 sit.
396 3191 593 3270 Etuooniam
615 3195 819 3256 communitati
840 3209 924 3258 nerno
947 3195 1114 3273 praecipere
1136 3202 1233 3272 potest

73 3285 119 3348 uisi
139 3291 173 3364 is,
188 3291 240 3370 qui
257 3291 387 3354 ciusdem
409 3293 587 3370 gubernator
599 3299 645 3354 est
659 3307 694 3354 ac
709 3299 822 3366 rector;
838 3293 948 3355 idcirco
963 3293 1072 3354 dicitnr
1086 3293 1236 3355 ordinatio

73 3383 138 3447 haec
153 3389 273 3451 rationis
294 3387 332 3450 ao
352 3407 395 3462 eo,
416 3387 470 3466 pai
490 3406 598 3451 coram
620 3388 851 3452 communitatis
873 3385 972 3465 tutet,
998 3389 1154 3467 proticisci.
1176 3387 1235 3451 De·

71 3483 152 3562 nique
172 3503 239 3550 cnm
261 3489 406 3567 imperare
426 3488 504 3551 idem
526 3489 566 3550 sit
586 3505 621 3551 ac
643 3488 778 3550 subditos
800 3489 839 3550 ad
859 3488 1079 3551 convenientem
1100 3489 1232 3551 ordinem

71 3581 222 3660 applicare,
237 3581 401 3664 'applicatio
423 3593 520 3648 autern
535 3587 688 3660 eiusmodi,
702 3586 732 3647 in
747 3586 881 3648 subiecto
894 3585 1083 3666 intelligente,
1098 3601 1154 3647 non
1176 3585 1231 3646 nisi

71 3694 119 3755 per
132 3685 323 3761 cognitionem
337 3684 441 3746 haberi
457 3684 563 3762 possit;
579 3684 728 3748 evidenter
742 3691 867 3761 apparet
880 3699 934 3746 cur
948 3683 1024 3762 legis
1034 3683 1233 3746 definitionem
1263 3751 1266 3756 ,

68 3763 272 3860 promulgatio
281 3782 474 3860 ingrediatur,
488 3796 565 3860 quae
575 3781 649 3846 nihil
660 3789 706 3844 est
716 3781 799 3843 alind
809 3781 864 3842 nisi
878 3781 1008 3843 eiusdem
1025 3778 1233 3843 manifestatio.

105 3873 150 3941 89.
174 3876 286 3946 [tiriolo
303 3875 402 3963 [epis.
425 3877 465 3943 Ut
485 3887 583 3942 autem
598 3879 634 3942 dc
647 3879 721 3958 legis
745 3879 901 3957 partitione
921 3878 1032 3955 aliquid
1054 3878 1185 3950 ianuam,
1199 3894 1234 3940 ea

71 3978 236 4052 generaliter
256 3979 347 4042 dividi
370 3984 464 4056 potest
484 3979 514 4040 in
535 3977 665 4042 divinam
686 3984 715 4039 et
735 3977 904 4038 humanam.
926 3975 980 4038 llla
1000 3992 1018 4037 a
1040 3973 1103 4039 Deo
1127 3975 1235 4039 imme-

111 4145 143 4203 (1)
160 4147 200 4194 Dc
219 4146 333 4209 l'Erprit
349 4147 392 4194 des
409 4145 468 4199 lois,
484 4143 501 4192 l.
520 4143 542 4202 1,
558 4156 579 4194 c.
595 4143 619 4192 2.

112 4223 144 4288 (2)
164 4228 278 4274 Summo
296 4227 331 4294 tlt.
348 4225 450 4276 1,a2,ae
467 4239 491 4289 q.
508 4222 559 4274 XC.
576 4237 598 4272 a.
617 4222 638 4271 1.

111 4304 146 4368 (3)
161 4307 208 4366 lbi,
225 4321 249 4356 a.
265 4307 287 4358 4.
