3159 4934
309 332 362 387 tet
593 341 636 384 rus
652 339 778 383 ramnus
797 359 808 369 -
826 340 895 382 rans
913 340 933 381 r.
950 339 992 382 rus
1008 336 1182 381 mnrvrnunnn

306 455 373 520 Nisi
394 456 471 519 enim
491 455 521 517 id
536 457 630 529 lieret,
645 464 784 535 perpetua
806 457 937 519 animum
954 464 1088 519 vexamet
1108 455 1263 535 dubitatio,
1277 472 1348 518 num
1364 456 1479 534 placari

306 555 353 617 bis
366 553 504 633 operibus
525 554 613 617 vellet
634 552 714 617 Deus
735 570 834 617 necne.
848 551 930 618 Haec
950 555 1046 617 omnia
1067 570 1123 617 non
1144 555 1229 617 modo
1246 555 1477 633 possibilitatem

306 652 454 714 sedetiam
471 653 630 719 maximam
642 652 873 716 convenientiam
889 652 1075 715 revelationis
1087 653 1254 726 ostendunt,
1264 653 1362 731 quoad
1375 654 1478 731 ipsum

306 758 417 811 statum
438 749 516 812 intra
539 752 680 813 terminos
702 760 824 813 naturae
845 753 984 829 positum.

346 843 394 908 43.
409 844 584 911 Prorosrrro
599 846 644 911 5⁸.
657 846 759 911 Homo
773 845 874 928 officio
888 846 1102 927 adstringitur
1115 844 1345 927 complectendae
1358 845 1481 910 reocln·

307 943 410 1019 tionis,
426 962 505 1023 quac
523 944 612 1022 factu
632 945 685 1019 sit,
701 948 730 1008 ei
750 964 819 1007 cam
838 942 1026 1024 inquirendi,
1041 944 1072 1008 si
1090 943 1228 1009 nondum
1248 946 1421 1023 agnoverit.

346 1038 433 1105 Prob.
459 1040 522 1106 Deo
548 1043 678 1123 loquenti
705 1044 834 1120 credere,
855 1044 928 1106 iuris
953 1051 1075 1106 naturae
1105 1051 1294 1121 praeceptum
1317 1053 1385 1118 est;
1407 1059 1479 1107 cum

306 1138 388 1203 Dens
403 1140 441 1201 sit
455 1141 674 1214 veracissimus,
688 1149 718 1203 ct
738 1141 910 1217 infallibilis,
924 1142 972 1204 cui
993 1142 1083 1204 iidem
1105 1157 1189 1204 nemo
1210 1142 1354 1221 denegare
1368 1150 1479 1219 potest,

306 1238 377 1317 quin
391 1239 527 1303 continuo
543 1239 731 1317 blasphemus
746 1248 775 1301 et
796 1240 906 1314 impius
927 1239 1041 1303 euadat.
1057 1236 1120 1302 Nec
1133 1239 1213 1318 quod
1233 1240 1340 1318 dogma
1356 1240 1478 1319 aliquod

305 1335 404 1398 lumen
431 1336 576 1399 hnmanae
602 1337 723 1400 rationis
746 1345 873 1414 superet,
893 1352 1071 1416 quemqnam
1098 1345 1229 1399 excusat
1251 1335 1416 1414 Namhnc
1439 1340 1478 1401 ad
1576 1361 1577 1396 3

305 1433 476 1512 obsequium
491 1432 553 1497 Deo
574 1435 780 1513 praestandum
801 1435 929 1497 maxime
946 1436 1080 1512 pertinet,
1096 1444 1129 1498 ut
1143 1436 1322 1499 intellectum
1339 1446 1477 1501 nostrum

305 1531 331 1594 ei
347 1531 548 1611 subiciamus,
563 1533 775 1611 credamusque
797 1532 880 1611 plura
901 1532 999 1611 ipsum
1021 1534 1109 1607 scire,
1123 1550 1199 1612 qnae
1213 1550 1281 1597 vera
1300 1535 1371 1610 sint,
1384 1553 1477 1615 quarn

305 1646 381 1710 quae
409 1630 520 1693 tantula
546 1646 628 1693 mens
656 1640 757 1695 nostra
777 1647 883 1709 capere
911 1631 1015 1695 valeat.
1036 1629 1134 1707 Quare
1160 1632 1186 1694 si
1210 1632 1283 1695 ordo
1309 1634 1477 1697 officiorum

305 1743 374 1807 erga
390 1726 484 1791 Deum
499 1728 555 1791 rite
576 1730 774 1808 perpenditur,
788 1730 919 1793 debitum
942 1729 1009 1791 lidei
1027 1728 1089 1792 Deo
1103 1729 1287 1793 adhibendae
1299 1731 1378 1793 inter
1392 1748 1479 1810 prac-

306 1826 408 1903 cipuas
428 1825 620 1905 obligationes
640 1827 767 1892 bominis
788 1827 928 1890 contineri
951 1827 1073 1904 patebit.

347 1923 457 1987 Eadem
471 1925 655 1989 ratiocinatio
675 1926 732 1989 alio
752 1927 844 1988 etiam
865 1925 952 1989 modo
973 1925 1094 2004 proponi
1116 1932 1222 2004 potest.
1238 1923 1321 1989 Deus
1335 1933 1381 1990 est
1395 1944 1479 1991 surn-

306 2036 386 2084 mnm
408 2020 480 2096 llus,
496 2039 644 2085 summurn
664 2021 782 2102 Verum,
797 2039 945 2086 summurn
959 2022 1082 2087 Bonum.
1097 2020 1352 2097 Qnemdamodnm
1374 2026 1479 2105 igitur,

305 2120 375 2199 qnia
401 2128 448 2183 est
470 2136 618 2183 summurn
645 2118 716 2195 llos,
737 2122 765 2184 ei
791 2122 913 2184 debetur
933 2120 1086 2200 adoratio,
1107 2129 1136 2185 et
1159 2122 1230 2202 qnia
1254 2131 1301 2186 cst
1326 2140 1476 2187 summurn
1579 2136 1580 2143 ’

304 2217 427 2294 Bonum,
443 2218 566 2282 debetur
581 2235 685 2295 amor;
700 2220 744 2281 sic
765 2219 854 2281 etiarn
874 2219 944 2298 quia
966 2234 1117 2281 summum
1142 2218 1252 2283 Verum
1273 2230 1330 2299 est,
1352 2221 1479 2286 debetur

304 2314 412 2392 Fides,
434 2333 493 2396 qua
514 2316 573 2395 ipsi
595 2315 787 2379 subiciiamus
807 2316 996 2393 intellectum,
1018 2325 1104 2396 prout
1125 2316 1154 2381 vi
1180 2319 1362 2382 adorationis
1383 2321 1480 2383 subil-

304 2417 400 2479 cimns
421 2414 635 2489 exsistentiam,
649 2422 679 2477 ct
700 2414 729 2477 vi
743 2416 851 2478 amoris
866 2400 1055 2477 uoluntatem.
1071 2413 1146 2478 dum
1168 2432 1236 2479 vero
1250 2415 1332 2480 Dens
1353 2418 1421 2481 ideo
1435 2419 1482 2483 lu·

304 2520 423 2593 quatur,
437 2520 472 2575 ut
484 2528 561 2593 quae
575 2512 718 2577 credenda
734 2519 824 2591 atque
837 2514 949 2590 agenda
965 2512 1025 2574 sint
1038 2512 1178 2588 sciamus,
1192 2529 1227 2575 ac
1242 2530 1344 2578 norma
1359 2516 1398 2578 ab
1413 2517 1481 2596 ipso

307 2613 454 2690 proposita
483 2611 661 2691 dirigamnr;
681 2610 820 2691 quisquis
840 2609 1026 2675 revelationis
1050 2611 1117 2674 lnce
1141 2611 1269 2674 nondum
1299 2612 1481 2690 illustratur,

305 2718 420 2773 tenetur
442 2710 570 2787 prolecto
583 2710 762 2789 investigare
778 2725 815 2771 an
829 2722 863 2771 ca
883 2708 962 2772 lacta
983 2709 1032 2781 sit,
1046 2715 1144 2787 atque,
1165 2708 1196 2771 id
1219 2710 1268 2772 ubi
1290 2713 1482 2789 compererit,

305 2822 371 2870 eam
392 2808 538 2885 amplecti.
555 2805 653 2871 Huius
673 2809 750 2871 enim
772 2808 814 2870 rei
835 2806 1009 2886 negligentia
1025 2815 1056 2869 et
1077 2813 1262 2885 contemptus
1282 2808 1313 2869 in
1328 2808 1483 2888 negligen-

305 2906 378 2967 tiam
399 2912 428 2967 et
449 2911 647 2985 contemptum
669 2904 764 2982 ipsius
784 2902 839 2967 Dei
859 2912 889 2968 et
909 2903 1015 2967 salutis
1035 2912 1172 2967 aeternae
1193 2904 1381 2969 redundaret.

345 3000 442 3075 Quare
456 3002 610 3066 coniicitur
624 3017 712 3081 quarn
728 3001 813 3081 longe
833 3019 850 3065 a
866 3004 988 3066 veritate
1002 3001 1138 3064 discedat
1151 3018 1299 3082 quamque
1314 3004 1483 3069 iniuriosus

305 3096 366 3162 Deo
380 3098 419 3161 sit
433 3096 713 3177 indifferentismoe
726 3099 755 3161 in
769 3101 893 3162 materia
906 3098 1069 3178 Religionis
1080 3097 1137 3179 (l),
1148 3116 1184 3163 ac
1197 3099 1320 3163 libertas
1335 3102 1481 3165 credendi

302 3197 446 3277 quidquid
466 3197 557 3271 lubet,
578 3204 630 3259 aut
650 3212 683 3259 ea
704 3186 860 3259 dumtaxat
880 3214 955 3278 qnae
975 3214 992 3259 a
1014 3196 1138 3260 rationis
1158 3197 1303 3259 naturalis
1324 3200 1402 3263 lente
1425 3217 1480 3280 pc-

252 3300 254 3307 ’
308 3304 419 3360 tuntur.

684 3408 861 3475 Solvuntur
880 3408 1090 3490 difficultates.

345 3588 392 3653 44.
412 3586 505 3651 obito.
520 3586 541 3652 l.
557 3586 690 3667 Cognitiu
704 3588 847 3652 naturalis
861 3589 934 3652 solet
947 3589 1035 3651 etiarn
1051 3589 1190 3654 revelatio
1205 3591 1375 3669 nuncupari.
1392 3588 1481 3668 Ergo

303 3687 410 3752 falsum
424 3694 482 3761 est,
495 3701 561 3749 eam
574 3687 836 3749 denominationem
857 3686 929 3751 solis
950 3686 1124 3749 veritatibus
1146 3686 1281 3761 attribui,
1294 3702 1372 3765 qnae
1387 3702 1480 3763 snpe-

306 3796 371 3849 rant
385 3785 518 3850 naturale
532 3784 640 3859 lumen,
654 3792 705 3849 aut
719 3800 795 3863 quac
810 3797 862 3863 per
876 3784 971 3847 media
986 3784 1219 3862 supernaturaba
1236 3784 1478 3846 manifestantur.

353 3981 387 4041 (l)
403 3981 651 4044 Indifferentiemua
661 3979 807 4043 religiosus
817 3980 841 4028 in
858 3993 889 4028 eo
905 3984 1028 4037 moratur,
1039 3978 1107 4042 qnod
1122 3978 1204 4027 omnis
1220 3976 1319 4040 religio,
1330 3977 1479 4027 cuiuscum-

306 4072 356 4121 qua
372 4067 477 4109 naturae
498 4067 543 4109 aut
563 4060 713 4110 conditionls
734 4061 785 4108 sint
806 4060 927 4122 dogmate
946 4051 972 4108 et
992 4066 1135 4122 praecepta,
1151 4058 1244 4122 qulbus
1265 4064 1375 4116 constat,
1391 4070 1482 4122 aeque

308 4138 375 4186 bona
391 4151 421 4185 ac
436 4137 567 4188 laudabilis
583 4140 747 4190 existimetur.
760 4138 817 4195 Qua
827 4138 945 4200 opinione
961 4138 1022 4187 nihil
1037 4145 1079 4187 est
1094 4138 1207 4198 multtum
1224 4151 1283 4186 cum
1299 4136 1397 4186 nullum
1413 4139 1489 4187 veri·

306 4217 369 4266 tatis
378 4216 410 4264 ab
421 4230 515 4274 errore,
526 4225 571 4267 aut
583 4219 682 4268 divinae
692 4217 754 4283 legis
772 4219 807 4269 ab
822 4218 940 4268 humanis
956 4218 1064 4267 inventis
1080 4217 1215 4267 discrimen
1231 4217 1335 4276 babeat,
1344 4222 1370 4268 et
1380 4222 1484 4267 utrum·

308 4311 359 4361 qna
373 4295 427 4345 Deo
443 4295 548 4359 dignum
564 4302 641 4360 putet.
