3159 4934
449 283 533 324 carun
553 283 578 324 xx.
593 283 626 324 nu
646 283 786 326 socierum
802 285 881 327 orm
1197 275 1250 332 279

82 459 86 466 ,
119 393 178 458 His
198 398 352 475 explicatis
376 398 488 476 liquido
514 406 602 477 patet,
629 415 687 478 quo
718 400 830 464 circulo
854 404 970 479 operari
1001 403 1094 481 possit
1119 411 1250 481 potestas

73 492 247 572 legislatira
268 494 373 559 civilis.
387 493 432 558 lta
452 496 529 559 enim
551 497 660 570 omnia,
674 511 749 575 quae
771 506 893 562 externa
908 508 978 562 suut
998 509 1029 564 et
1049 501 1158 564 civium
1173 501 1250 564 iuter

73 606 110 653 se
125 591 164 653 ad
179 592 287 654 bonum
300 608 452 656 commune
464 595 679 671 procurandum
694 595 851 659 relationes
865 597 1036 676 respiciunt,
1048 605 1136 676 prout
1151 605 1248 662 tamen

73 691 174 754 ordini
197 691 300 755 morali
321 707 377 754 non
398 691 557 754 detrahunt
584 693 636 767 sed
658 693 757 770 potius
785 694 951 768 conferunt,
966 696 1031 759 eius
1056 695 1159 757 ditioni
1180 695 1250 758 snb

73 788 200 864 duntur,
214 791 253 853 ab
267 806 359 868 eaque
374 790 524 870 generales
539 805 656 853 normas
671 791 801 870 recipere
816 800 948 869 possunt.
965 791 998 857 lu
1012 793 1121 871 quibus
1137 792 1249 862 normis

77 887 315 963 praescribendis
337 887 382 950 lex
404 887 502 951 civilis
527 887 753 966 applicationem
774 890 933 966 quamdam
955 891 1083 955 eontinet
1103 897 1133 952 et
1154 890 1252 952 detor.-

73 984 267 1049 minatiouem
291 986 387 1066 magis
410 987 615 1064 particularem
637 987 731 1064 ipsius
753 987 827 1066 legis
846 988 989 1050 naturalis
1004 987 1056 1067 (l).
1071 985 1156 1061 erod
1176 1004 1249 1066 qua-

76 1081 205 1160 druplici
220 1083 331 1148 ratione
347 1085 390 1146 lit.
413 1081 556 1158 Primum,
576 1085 963 1178 quatoqqumaeoeptiones
977 1086 1094 1173 aliquas
1108 1083 1181 1147 iuris
1196 1100 1250 1146 na·

77 1180 193 1255 turalis,
213 1182 336 1246 adiectis
356 1180 501 1244 nonnullis
522 1182 622 1260 poenis
643 1183 673 1244 in
692 1183 751 1245 bac
773 1173 833 1245 vita
854 1176 1026 1257 subeundis,
1041 1199 1115 1246 nova
1130 1185 1249 1251 roboret

75 1280 239 1341 sanctione.
260 1277 380 1361 Deinde,
394 1288 539 1357 quatenus
559 1295 595 1342 ex
616 1280 732 1358 legibus
747 1289 870 1344 naturae
890 1281 1075 1359 generalibus
1093 1280 1250 1344 nonnullas

72 1374 195 1438 derivat
210 1375 353 1442 illationes
368 1378 523 1455 profantis
538 1377 746 1456 peculiaribus,
767 1378 851 1441 iuxta
871 1378 1013 1451 locorum,
1033 1387 1198 1456 temporum
1213 1394 1248 1442 ae

73 1487 269 1550 personarum
291 1475 472 1538 varietatem.
489 1473 598 1549 Tertio,
612 1485 759 1554 quatenus
773 1477 902 1539 actiones
917 1479 1065 1539 humanas
1079 1476 1250 1538 moderatur

72 1572 162 1632 iuxta
183 1587 273 1634 novas
297 1571 461 1646 relationes,
481 1589 556 1650 quas
581 1572 670 1636 bomo
691 1574 803 1656 ratione
824 1574 975 1637 societatis
1000 1574 1137 1651 suscipit,
1159 1573 1250 1651 idque
1347 1617 1354 1630 .

74 1668 281 1731 convenienter
301 1677 424 1732 naturae
449 1670 608 1748 principiis.
631 1669 744 1745 Quarto
769 1671 905 1750 deniquo,
925 1679 1070 1750 quatenus
1094 1679 1148 1733 aut
1172 1671 1249 1749 iura,

72 1765 285 1842 quibusbomo
298 1767 328 1829 vi
339 1773 461 1829 naturae
475 1767 640 1841 instruitur,
652 1769 736 1830 iuxta
750 1768 888 1831 socialem
903 1769 1081 1847 exigentiam
1094 1777 1249 1846 temperat,

73 1868 167 1940 atque
188 1871 257 1940 apte
277 1879 345 1926 oum
367 1864 492 1927 aliorum
514 1865 685 1928 exsistentia
707 1865 858 1941 conciliat;
880 1875 930 1929 aut
953 1882 1026 1930 nora
1048 1866 1113 1928 iura
1132 1866 1247 1955 civibus

72 1961 193 2034 tribuit,
208 1962 362 2024 conditioni
378 1977 568 2040 personarum
583 1971 612 2024 et
626 1965 773 2026 communi
794 1965 870 2026 bouo
888 1964 1119 2028 accommodata.
1135 1961 1167 2026 ln
1183 1963 1248 2042 qui-

72 2059 136 2120 bus
158 2066 253 2122 tamon
276 2059 429 2138 diligenter
454 2060 615 2123 cavendum
643 2066 699 2134 est,
720 2075 756 2122 ne
777 2059 846 2139 plus
873 2061 930 2123 sibi
957 2062 1100 2137 tribuens,
1126 2061 1247 2123 obtentu

72 2155 148 2218 boui
168 2156 342 2232 communis
362 2158 426 2220 iura
441 2158 539 2236 aliqua
554 2158 698 2221 naturalia
715 2158 840 2235 perimat
855 2157 900 2221 rel
915 2158 1053 2221 offendat.
1068 2155 1154 2231 Quod
1169 2158 1246 2219 enim

73 2256 108 2317 iu
129 2255 267 2318 iniuriam
283 2257 439 2330 sociorum,
454 2257 516 2318 sive
531 2255 660 2333 plurium
676 2256 737 2318 sive
752 2271 923 2333 paucorum,
940 2255 1029 2317 immo
1044 2255 1132 2317 etiam
1149 2254 1246 2326 unius,

72 2353 237 2427 redundat;
259 2353 289 2415 id
311 2355 456 2416 adfinem
485 2355 633 2417 societatis
657 2354 800 2430 portinere
826 2369 881 2416 nou
908 2360 1018 2430 potest;
1047 2350 1126 2429 quod
1147 2359 1246 2412 autern

73 2454 167 2514 finem
191 2451 326 2516 socialem
348 2452 509 2530 egreditur,
530 2451 697 2514 auctoritati
719 2451 839 2512 minime
860 2450 1009 2527 competit.

51 2545 57 2552 ’
118 2545 171 2614 85.
194 2545 283 2634 legis
299 2545 516 2632 proprlelalos.
539 2547 631 2626 Leges
646 2549 675 2609 iu
690 2548 794 2624 primis
816 2549 956 2609 honestas
969 2561 1034 2608 esse
1053 2553 1181 2622 oportet3
1203 2559 1249 2607 se-

73 2663 135 2710 cus
150 2647 200 2709 fini
216 2646 317 2710 sociali
333 2662 388 2709 non
410 2647 602 2709 convenirent.
625 2645 726 2722 luiqua
747 2645 795 2707 lex
816 2661 871 2706 non
887 2652 934 2706 est
948 2643 1004 2716 lex,
1021 2643 1073 2704 sed
1094 2642 1168 2720 legis
1182 2657 1248 2706 eor-

74 2746 190 2822 ruptio,
211 2751 240 2806 et
260 2743 297 2805 ad
319 2743 511 2806 obediendum
532 2758 588 2805 non
609 2743 722 2820 obligat
736 2739 785 2820 (2).
808 2741 920 2804 Deinde
935 2741 1093 2818 requiritur
1112 2749 1145 2802 ut
1160 2740 1247 2802 utiles

75 2843 148 2916 sint,
163 2841 324 2918 etquidem
340 2840 467 2903 utilitate
487 2839 626 2917 generali,
640 2855 691 2902 seu
714 2855 790 2918 quae
805 2853 860 2900 nou
875 2840 905 2900 in
921 2841 1065 2916 privatam
1091 2852 1245 2916 personam
1347 2840 1352 2850 “

73 2947 132 3001 aut
147 2939 176 3001 in
191 2945 304 3016 partem
321 2945 434 3000 tanturn
449 2937 600 3000 societatis
614 2953 681 2999 euru
697 2937 820 2999 alterius
833 2937 1019 3009 detrimento,
1035 2936 1086 2997 sed
1102 2935 1130 2996 iu
1146 2949 1250 2997 omues

76 3037 192 3099 directe
209 3035 256 3098 vel
269 3035 373 3096 saltem
387 3034 529 3097 indirecte
543 3034 692 3097 redundet.
710 3031 802 3098 Secus
816 3049 873 3096 non
888 3035 996 3096 bonum
1012 3047 1178 3106 commune,
1194 3030 1246 3093 sed

76 3131 227 3212 privatum
242 3131 445 3194 nonnullorum
461 3131 647 3208 respicerent.
670 3129 770 3194 Tertio
785 3131 892 3193 debent
908 3147 970 3193 esse
985 3132 1178 3208 universales,
1194 3145 1245 3191 seu

75 3228 222 3292 eiusmodi
246 3237 278 3290 ut
300 3244 400 3291 omnes
424 3243 517 3306 aeque
536 3227 636 3306 ligent,
656 3229 719 3291 sine
743 3244 934 3306 personarum
956 3229 1139 3306 exceptione3
1160 3227 1246 3289 modo

77 3326 158 3390 nulla
174 3327 250 3389 adsit
265 3326 351 3400 ratio,
365 3341 401 3388 ex
416 3325 481 3403 ipso
502 3326 577 3388 bono
591 3327 738 3390 communi
753 3335 806 3389 aut
826 3342 863 3388 ex
884 3326 987 3389 altiore
1002 3327 1066 3388 iuro
1081 3326 1245 3400 desumpta,

76 3440 155 3502 quae
176 3440 191 3485 a
214 3423 276 3502 lege
291 3423 484 3486 communiter
503 3423 563 3486 lata
578 3423 731 3487 nonnullos
751 3432 804 3486 aut
825 3433 941 3488 coetum
963 3424 1089 3502 aliquem
1112 3422 1247 3500 excipere

78 3521 263 3599 persuadeat.
286 3520 430 3585 [dautem
455 3522 503 3584 ubi
524 3537 579 3584 uon
602 3531 714 3600 urgeat,
735 3539 836 3586 omues
858 3523 973 3586 omuino
994 3522 1041 3582 lex
1063 3521 1247 3598 adstringere

79 3619 176 3681 debet.

121 3713 219 3794 Atque
239 3717 289 3779 bie
310 3715 408 3794 quaeri
427 3723 522 3792 potest
543 3731 580 3778 au
602 3717 699 3794 ipsum
714 3718 913 3796 legislatorem
934 3716 981 3778 lox
997 3716 1052 3778 sibi
1073 3715 1190 3788 subdat,
1204 3715 1246 3776 lta
1298 3711 1300 3718 '

77 3822 111 3877 ut
133 3811 158 3874 is
178 3814 266 3876 etlam
288 3813 344 3892 legi
367 3815 569 3891 obtemperare
592 3822 731 3877 teneatur.
751 3814 805 3878 Cui
826 3814 989 3892 quaestioni
1011 3812 1244 3890 respondendum

74 3919 125 3976 est
145 3911 335 3984 affirmative3
358 3926 413 3975 nou
436 3911 553 3989 quidem
572 3911 668 3988 quoad
692 3911 751 3973 vim
774 3913 937 3974 coactivam
961 3910 1054 3989 (neruo
1068 3909 1145 3972 euim
1167 3911 1247 3988 cogit

124 4138 158 4196 tl)
176 4137 240 4186 Vide
258 4139 284 4188 S.
298 4138 413 4186 Tuouxm
431 4139 543 4186 Squama
562 4138 598 4186 tb.
616 4137 706 4190 ΗΕΘ,
724 4153 747 4202 q.
764 4136 840 4194 XCV,
856 4152 878 4186 a.
894 4138 918 4186 2.

123 4216 160 4280 (2)
178 4215 242 4266 Vide
258 4217 284 4266 S.
296 4215 412 4266 Tuomxm
430 4218 541 4266 Summa
559 4215 639 4264 alul·
654 4215 702 4274 2⁸⁶,
719 4231 741 4280 q.
758 4215 843 4276 XCVI,
860 4231 882 4266 a.
897 4217 920 4264 4.
