3159 4934
371 350 455 393 catur
474 351 510 392 ill.
529 350 563 391 bb
580 349 685 392 olricus
702 348 807 393 mollitus
823 352 894 394 otton
912 351 1019 397 stridunt
1231 339 1282 395 157

118 473 213 529 netur.
236 464 329 528 Immo
349 462 428 526 civili
450 464 525 527 bono
546 463 703 525 suicidium
725 462 823 539 potius
845 462 973 539 prodest,
994 479 1063 526 cum
1083 465 1282 530 fortitudinem

118 570 298 649 promoveat,
319 578 392 642 quac
413 563 441 625 in
463 563 672 625 contemnenda
693 570 785 625 morte
806 562 933 623 maxime
952 562 1090 624 cernitur.

158 658 196 723 R.
218 658 394 723 Huiusmodi
418 667 589 738 argumenta
614 676 702 738 quam
727 657 822 721 futilia
849 650 1025 733 sint,'nemo
1046 675 1102 721 non
1123 660 1210 723 videt.
1232 661 1281 723 Ad

117 758 249 837 primum
269 759 449 836 reponimus:
471 756 547 821 Tum
568 757 675 821 volenti
690 772 745 820 non
768 758 801 819 ln
822 757 1019 829 iniuriarum
1041 758 1139 835 agitur
1160 758 1196 820 de
1210 774 1281 821 cou-

116 862 215 917 tractu
231 854 320 917 libere
334 854 469 929 ineundo,
483 864 535 919 aut
557 856 593 919 de
611 856 684 928 iure,
699 856 746 917 cui
761 856 830 933 quis
844 854 1007 918 valedicere
1023 856 1128 932 possit:
1145 870 1199 917 non
1214 871 1283 919 rere

116 969 189 1017 cum
202 954 298 1033 agitur
311 954 347 1016 de
361 954 508 1018 inferendo
528 955 615 1029 malo,
630 955 706 1033 quod
728 972 745 1016 a
766 962 872 1017 natura
885 961 1010 1026 vetetur,
1024 963 1076 1017 ant
1090 954 1126 1017 de
1140 956 1281 1017 laedendo

117 1051 194 1125 iure,
208 1053 284 1131 quod
304 1054 397 1129 ipsam
418 1053 598 1131 personalem
613 1053 740 1115 bominis
753 1053 925 1132 dignitatem
940 1053 1075 1130 attingat.
1090 1052 1188 1131 Atque
1201 1053 1232 1115 id
1246 1069 1281 1116 eo

116 1150 215 1227 magis
229 1149 324 1212 locum
339 1150 438 1227 babet,
453 1166 512 1229 quo
532 1151 652 1214 arctiori
667 1150 844 1228 obligatione
866 1150 913 1213 lex
933 1150 1092 1228 adstringit
1112 1151 1149 1213 ad
1171 1152 1278 1213 bonum

115 1247 182 1309 eius
197 1248 421 1324 procurandum,
433 1249 483 1326 qui
496 1241 735 1311 irrationabiliter
749 1249 778 1310 in
793 1250 839 1309 sui
854 1248 993 1311 damnum
1007 1246 1278 1312 consentit.Vitam

115 1352 214 1407 autem
230 1361 378 1423 nunquam
395 1346 528 1408 amittere
550 1362 636 1424 posse
658 1348 799 1409 rationem
819 1347 1000 1409 fundamenti
1020 1361 1106 1408 verae
1122 1346 1281 1419 felicitatis,

114 1444 176 1505 iam
198 1459 287 1521 supra
303 1444 376 1506 satis
397 1445 669 1508 demonstravimus.
695 1442 807 1507 Violari
826 1453 925 1506 autem
940 1444 1063 1507 suicidio
1076 1444 1278 1507 excellentiam

115 1557 259 1619 personae
279 1543 424 1604 humanae
447 1543 549 1619 claret,
570 1552 637 1604 cum
661 1557 711 1619 per
732 1541 804 1604 illud
826 1544 954 1604 bumana
974 1542 1146 1604 exsistentia
1167 1543 1197 1603 in
1219 1558 1282 1605 me·

115 1639 199 1701 dium
214 1646 404 1703 convertatur
418 1640 576 1718 voluptatis
597 1648 626 1703 et
640 1640 796 1713 commodi,
812 1648 930 1718 propter
946 1639 1032 1702 cuius
1053 1642 1212 1702 carentiam
1230 1642 1282 1703 de·
1321 1676 1330 1696 .

115 1737 249 1815 spicitur,
261 1753 295 1800 ac
309 1738 345 1800 de
360 1737 455 1801 medio
471 1737 594 1801 tollenda
609 1737 804 1800 existimatur.
821 1736 860 1801 Ut
874 1738 1008 1800 omittam
1023 1736 1148 1799 stultum
1163 1737 1279 1799 omnino

114 1849 190 1911 esse,
207 1843 325 1913 propter
339 1835 529 1913 temporarias
550 1836 742 1914 calamitates,
758 1851 834 1914 quae
847 1836 931 1908 forte,
946 1833 1008 1899 Deo
1028 1835 1179 1913 largiente,
1193 1835 1278 1897 brevi

114 1939 185 1994 sunt
206 1933 360 2007 desiturae,
375 1934 534 1996 remedium
549 1947 699 1995 assumere
719 1932 809 2010 quod,
830 1940 930 2010 utpote
944 1934 1154 2011 gravissimum
1170 1933 1278 2008 scelus,

113 2030 264 2093 miseriam
286 2033 371 2094 affert
391 2038 539 2093 aeternam
560 2039 589 2093 et
610 2032 686 2093 omni
708 2033 871 2094 acerbitate
893 2032 1039 2095 refertam.

155 2127 253 2207 Atque
273 2129 342 2193 binc
363 2145 536 2207 responsum
557 2130 644 2191 etiam
666 2136 785 2208 aptatur
807 2130 935 2193 morando
955 2138 1135 2208 argumento.
1157 2128 1234 2193 Nam
1252 2133 1278 2192 si

113 2227 186 2299 vita,
197 2227 344 2289 aerumnis
355 2229 451 2291 obsita
464 2229 659 2314 temporariis,
674 2244 728 2290 non
744 2228 943 2291 infelicitatem
958 2229 1136 2307 suppeditat,
1148 2230 1200 2291 sed
1215 2244 1277 2291 ma-

113 2325 219 2386 teriam
241 2325 358 2387 virtutis
379 2326 563 2399 excelsioris;
583 2341 641 2404 quo
664 2333 749 2404 pacto
770 2326 873 2390 coniici
896 2333 990 2404 potest
1014 2333 1136 2389 naturae
1160 2328 1276 2389 iussum

111 2429 167 2485 aut
180 2422 282 2485 saltem
298 2424 451 2501 permissio
464 2423 545 2486 illinc
560 2424 760 2503 demigrandi?
783 2422 816 2486 ln
830 2424 893 2487 sola
908 2424 1048 2487 sententia
1069 2424 1277 2486 materialista·

111 2536 179 2583 rum
194 2521 224 2582 id
237 2520 335 2583 locum
350 2521 448 2584 babet.
468 2520 525 2585 Sed
546 2522 581 2594 si,
596 2529 628 2583 ut
648 2538 701 2599 par
716 2529 773 2595 est,
787 2531 902 2599 praeter
922 2522 1076 2584 materiam
1098 2522 1273 2600 principium

110 2616 198 2695 louge
217 2618 307 2681 altius
323 2635 356 2681 ac
378 2619 505 2681 divinius
526 2620 556 2682 in
576 2621 693 2683 bomine
713 2620 894 2697 agnoscitur,
913 2620 993 2698 quod
1007 2637 1064 2683 uon
1085 2621 1175 2683 buius
1197 2621 1277 2683 vitae

110 2714 224 2778 deliciis
238 2717 290 2779 sed
303 2716 411 2778 virtute
426 2716 566 2793 pascitur,
579 2718 758 2780 contrarium
771 2718 888 2779 omuino
910 2717 1111 2780 deducendum
1125 2734 1143 2781 a
1158 2719 1270 2780 ratione

110 2822 174 2887 est;
194 2830 280 2893 quae,
300 2832 358 2893 quo
378 2816 473 2895 magis
494 2817 553 2879 vita
575 2818 604 2877 in
627 2816 803 2893 palaestram
825 2817 942 2878 virtutis
963 2817 1098 2890 vertitur,
1118 2833 1153 2879 eo
1177 2820 1274 2896 magis

108 2926 176 2973 eam
199 2914 408 2975 aestimandam
429 2930 496 2977 esse
516 2914 618 2977 dictat.

151 3006 308 3088 Imperium
331 3028 407 3089 vero,
426 3014 504 3091 quod
525 3019 628 3075 natura
649 3013 730 3075 dedit
752 3015 779 3075 in
802 3015 967 3086 materiam,
986 3013 1153 3090 oppositum
1176 3015 1275 3091 potius

109 3107 226 3170 evincit.
248 3106 361 3173 Idcirco
382 3110 458 3172 enim
480 3111 581 3174 datum
602 3111 686 3173 nobis
707 3128 723 3173 a
745 3118 850 3174 natura
871 3121 927 3190 est,
951 3120 982 3174 ut
1002 3112 1093 3173 vitam
1119 3114 1274 3189 compositi

108 3205 214 3268 exinde
227 3206 362 3269 iuvemus
383 3224 418 3271 ac
437 3209 634 3271 defendamus.
649 3208 746 3283 Quare
761 3211 818 3271 boc
832 3210 897 3286 ipso
916 3211 954 3271 ad
967 3226 1032 3273 eam
1054 3210 1195 3272 materiae
1208 3226 1277 3287 pax·

109 3310 170 3364 tem
192 3318 247 3365 non
268 3305 442 3378 extenditur,
465 3321 541 3385 quae
562 3307 598 3368 ad
620 3308 803 3369 substantiae
823 3308 969 3370 humanae
990 3308 1187 3386 integritatem
1209 3323 1275 3385 per·

110 3400 184 3461 tinet
198 3409 236 3474 ct,
250 3400 348 3465 iuncta
362 3404 485 3481 animae,
497 3404 643 3482 bominem
657 3406 818 3467 constituit.
833 3403 900 3469 Vita
915 3414 1013 3468 autem
1028 3405 1138 3468 dicitur
1151 3405 1272 3477 donum,

109 3504 254 3574 quamnns
280 3500 358 3563 n'ullo
379 3502 497 3577 praevio
521 3502 626 3565 merito
650 3488 732 3565 nobis
753 3503 863 3565 tributa
884 3504 933 3576 sit,
957 3518 1013 3565 non
1035 3518 1104 3564 vero
1127 3509 1272 3580 quatenus

108 3594 197 3657 nobis
215 3596 304 3661 libere
325 3600 504 3676 acceptanda
525 3602 674 3663 offeratur.
690 3598 754 3664 Nec
773 3601 811 3663 ad
825 3616 889 3663 eam
904 3600 1068 3663 babendum
1082 3606 1132 3662 aut
1147 3600 1272 3661 retinen-

106 3693 289 3758 damnosior
304 3712 461 3759 consensus
481 3698 662 3776 exquiritur;
682 3699 790 3776 quippe
811 3699 849 3761 ad
870 3699 917 3760 ius
938 3699 1064 3775 pertinet
1083 3697 1198 3759 divinae
1219 3712 1271 3775 po-

106 3792 233 3854 testatis.
261 3791 318 3856 Cui
342 3811 412 3858 sane
437 3804 536 3873 grates
562 3796 691 3874 agendae
714 3803 744 3858 et
767 3796 932 3859 referendae
957 3804 1035 3873 sunt,
1061 3810 1129 3856 cunt
1155 3801 1269 3856 tantum

106 3891 218 3953 bonum
232 3892 316 3954 nobis
337 3907 406 3969 prae
421 3893 495 3965 aliis,
509 3895 561 3971 qui
582 3893 666 3955 condi
683 3902 824 3970 poterant,
846 3894 1016 3966 contulerim
1039 3905 1096 3956 non
1117 3901 1215 3955 autern
1234 3893 1275 3953 ir-

104 3989 236 4065 roganda
257 3996 302 4052 est
322 3990 437 4067 iniuria,
458 3991 640 4069 largitionem
663 3999 723 4052 tam
744 3992 913 4053 munificam
935 3991 1109 4068 respuendo.

148 4082 289 4160 Tandem,
303 4086 443 4166 obligatio
465 4088 635 4166 procurandi
659 4088 766 4151 bonum
786 4090 937 4151 societatis
960 4104 1107 4166 nunquam
1127 4091 1275 4169 extingui·

105 4192 166 4245 tur.
182 4180 246 4247 Nec
257 4200 334 4262 vero,
349 4186 419 4263 quia
431 4187 556 4249 societas
569 4186 681 4247 muneri
692 4202 745 4249 suo
756 4188 830 4249 forte
845 4186 935 4262 deslt3
953 4186 1036 4249 nobis
1051 4187 1161 4251 idcirco
1176 4197 1274 4251 nostro

104 4281 211 4344 deesse
232 4282 276 4345 las
296 4291 358 4346 est:
381 4298 436 4347 non
449 4286 537 4358 enim,
550 4284 618 4363 quia
639 4284 690 4346 alii
705 4285 780 4347 male
802 4292 903 4362 agunt,
923 4285 1007 4349 nobis
1027 4286 1103 4349 male
1120 4286 1225 4365 agendi
1239 4288 1274 4348 tit
