3159 4934
294 302 349 362 360
449 314 490 359 tus
507 316 631 359 NATURA!
650 334 660 345 ·
678 315 745 358 PARS
763 315 800 357 111.
821 314 861 359 [US
880 311 1112 356 tnrhnnartouatb
1129 310 1177 355 situ
1195 310 1312 355 GENTIU!

295 428 346 495 Sis
365 430 463 509 aliqua
484 446 522 493 cn
535 437 619 509 parte
639 430 733 507 viguit
746 428 927 506 temporibus
941 434 1005 489 tum
1020 425 1131 489 romani
1148 432 1210 487 tum
1233 424 1311 486 sacri
1332 421 1463 502 Imperii,

294 536 324 590 et
345 543 422 590 nuuc
441 527 531 590 etiam
551 527 722 605 impedmta
736 526 841 589 saltem
857 526 968 587 ratione
986 525 1181 587 adumbratur
1200 538 1348 586 consensu
1368 530 1398 585 et
1413 522 1466 583 de-

292 624 515 690 liberationibus
529 626 753 703 praecipuorum
774 639 931 702 regnorum
952 630 983 685 et
1002 630 1162 702 systemate
1181 621 1231 685 illo
1252 620 1383 699 politico,
1402 635 1462 699 quc

293 721 521 802 aequilibrim
543 733 576 787 ut
595 731 710 802 vocant,
730 740 916 801 europoeum
936 722 1124 802 potissimum
1146 730 1324 799 procuratur
1343 718 1400 801 (l).

332 818 396 883 Iam
413 835 482 883 vero
502 822 527 881 si
547 821 578 884 id
599 823 742 884 hactenus
763 822 899 895 obtinuit,
920 836 988 885 cum
1009 819 1158 883 nationum
1180 818 1336 883 relationes
1357 818 1398 883 ob
1418 834 1465 881 re·

293 917 412 996 gbuum
432 918 602 981 distantiam
622 927 653 981 et
672 918 970 982 communicationum
998 922 1176 996 paucitatem
1197 933 1254 980 uon
1275 917 1348 981 adeo
1369 917 1462 980 arctis

294 1014 418 1077 sinodis
434 1014 645 1094 alligabantur3
658 1016 730 1095 quid
743 1016 973 1094 exspectandum
988 1017 1045 1079 erit
1059 1017 1207 1094 deinceps,
1221 1031 1290 1079 cum
1303 1016 1364 1078 iam
1381 1030 1463 1079 com-

293 1114 470 1175 merciorum
490 1113 654 1191 amplitudo
672 1129 774 1177 omnes
795 1116 854 1177 iere
876 1123 977 1193 gentes
996 1114 1073 1177 inter
1094 1130 1126 1177 se
1148 1114 1308 1189 miscuerit,
1323 1120 1355 1176 et
1373 1128 1466 1192 pyro-

293 1211 471 1289 soaphorum
485 1212 703 1290 ferrearumque
715 1212 831 1275 riarum
851 1213 987 1276 celeritas
1010 1212 1231 1277 disiunctionem
1253 1212 1387 1275 locorum
1402 1212 1463 1275 tere

293 1324 416 1386 prorsus
435 1308 596 1374 ademerit?
617 1306 673 1373 His
692 1310 768 1372 adde
789 1311 1024 1374 recentissimum
1045 1311 1196 1374 inventum
1219 1310 1385 1389 telegrapbi
1406 1309 1464 1373 ele·

292 1407 390 1480 atrici,
409 1421 468 1486 quo
488 1409 523 1469 fit
543 1416 576 1470 ut
595 1406 750 1471 velocitate
763 1408 840 1471 lucis
855 1408 976 1471 notitiae
996 1416 1026 1470 et
1047 1409 1133 1471 iussa
1153 1424 1188 1472 ex
1212 1424 1269 1469 una
1284 1408 1364 1471 orbis
1380 1414 1464 1485 parte

292 1503 324 1567 in
339 1503 429 1567 aliam
450 1506 656 1585 pervehantur,
676 1514 707 1570 et
727 1506 829 1569 mundi
855 1506 982 1579 termini,
1005 1513 1164 1584 utcumque
1188 1505 1295 1578 dissiti,
1316 1520 1349 1565 se
1370 1503 1461 1566 veluti

292 1616 382 1665 manu
402 1605 570 1683 contiugere
588 1614 619 1667 et
638 1604 857 1682 apprehendere
872 1603 1037 1666 videantur.
1053 1601 1190 1666 Ceterum
1213 1602 1355 1681 quicquid
1371 1602 1414 1664 sit
1427 1602 1463 1664 de

292 1702 357 1764 eius
378 1702 510 1780 possibili
531 1702 700 1767 reductione
725 1703 763 1765 ad
789 1710 900 1776 actum,
922 1709 1001 1765 certe
1021 1701 1193 1765 huiusmodi
1216 1701 1343 1765 societas
1364 1702 1466 1765 cousi·

292 1800 390 1862 derari
409 1799 513 1863 saltem
535 1800 641 1877 poterit
662 1807 697 1862 ut
717 1807 808 1878 typus
828 1800 943 1877 idealis,
965 1800 1013 1863 cui
1039 1800 1172 1863 nationes
1187 1799 1295 1879 iugiter
1307 1798 1462 1872 accedant,

291 1897 361 1960 licet
382 1897 480 1975 ipsum
501 1913 649 1977 nunquam
671 1898 826 1977 attingant,
847 1898 925 1961 intra
947 1896 1038 1961 solius
1060 1907 1183 1961 naturae
1206 1898 1355 1961 terminos.

332 1990 381 2057 34
403 1991 476 2061 Eius
496 1991 693 2080 orpanisnrus
708 1997 856 2080 respectu
874 1991 1015 2080 panton.
1039 1993 1171 2059 Societas
1193 1994 1266 2057 baec
1287 1994 1455 2057 incubatio

292 2091 378 2167 calis,
400 2100 433 2154 ut
452 2092 523 2156 abbi
536 2093 573 2156 de
586 2093 666 2157 cirili
687 2094 800 2157 dietum
821 2102 878 2168 est,
898 2093 1015 2157 duobus
1029 2099 1181 2156 constaret
1194 2092 1365 2155 clementis:
1380 2088 1457 2153 rnul-

292 2188 684 2267 admanducandum
700 2192 757 2255 hoc
772 2199 868 2255 tameo
884 2190 1069 2254 discrimine:
1084 2191 1163 2269 quod
1177 2191 1207 2253 io
1222 2191 1363 2253 societate
1379 2189 1458 2253 ciuili

290 2288 450 2353 multitudo
469 2289 626 2353 exhibetur
646 2306 663 2351 a
684 2289 813 2363 familiis,
834 2304 910 2368 quae
931 2289 1049 2367 proprie
1062 2288 1126 2351 eius
1141 2296 1210 2350 sunt
1225 2298 1343 2366 partes;
1358 2296 1458 2352 contra

290 2385 320 2448 in
345 2387 560 2450 internaticnali
584 2387 799 2452 consociatione
825 2387 983 2451 multitudo
1007 2386 1248 2465 suppeditaretur
1276 2396 1313 2450 eir
1337 2387 1459 2466 integris

290 2485 435 2563 gentibus,
455 2501 531 2563 quae
551 2494 691 2562 uuquam
705 2484 770 2549 eius
795 2485 927 2548 membra
941 2486 1197 2548 constituerentur.
1213 2482 1291 2547 Hinc
1305 2491 1459 2563 emergunt

290 2597 392 2645 omues
406 2583 595 2658 differentiae,
607 2599 684 2662 quae
698 2583 797 2662 vigent
811 2585 872 2647 sire
886 2591 1024 2661 respectu
1039 2583 1236 2662 auctoritatis,
1249 2584 1312 2645 sive
1322 2589 1456 2660 respectu

291 2689 455 2743 ceterarum
476 2696 584 2755 rerum,
605 2681 643 2743 ad
664 2681 807 2744 eiusmodi
822 2681 993 2745 societatem
1017 2681 1239 2759 pertinentium
1259 2694 1337 2759 quae
1357 2696 1456 2745 omnes

291 2792 328 2839 ex
348 2777 518 2841 diuersitate
538 2779 665 2841 subiecti
686 2779 803 2843 undem
828 2779 973 2842 oriuntur.
988 2776 1065 2842 Nam
1088 2778 1214 2841 subiecti
1235 2777 1395 2841 diversitas
1416 2778 1457 2840 di·

290 2876 458 2938 versitatem
480 2876 593 2940 inducit
613 2877 642 2938 in
664 2877 769 2951 tinem;
789 2877 949 2941 diversitas
971 2892 1038 2939 vero
1059 2878 1126 2939 linis
1147 2877 1349 2940 diversitatem
1374 2878 1458 2940 ahert

290 2972 397 3036 ceteris
416 2976 562 3048 omnibus,
585 2990 662 3054 quae
686 2974 800 3038 nonnisi
826 2990 862 3037 ox
892 2976 949 3037 tine
972 2989 1105 3037 normam
1132 2983 1162 3037 et
1188 2990 1356 3037 mensuram
1383 2974 1459 3039 aeci·

291 3071 384 3149 piunt.

337 3301 372 3362 (1)
388 3300 471 3350 Huius
487 3300 627 3364 aequilibrii
644 3305 773 3352 notionem
790 3304 827 3352 sio
843 3302 947 3353 exhibet
963 3302 1059 3353 Vattel:
1072 3322 1086 3349 «
1097 3302 1233 3367 L'Europe
1245 3304 1291 3353 lato
1303 3320 1338 3353 un
1351 3308 1460 3369 synteme

290 3381 418 3446 polilique,
434 3398 469 3430 nn
485 3398 568 3445 corps,
585 3386 618 3431 ou
629 3387 684 3431 tout
699 3392 739 3432 est
755 3383 786 3432 lie
804 3398 850 3447 par
862 3382 897 3433 lea
909 3382 1030 3433 relations
1046 3391 1071 3433 et
1082 3384 1165 3432 divers
1177 3384 1283 3434 interdie
1297 3385 1343 3435 des
1354 3386 1461 3435 Nations

290 3463 333 3526 qui
348 3463 463 3512 habitent
478 3468 544 3512 cette
561 3463 642 3525 partie
661 3462 695 3511 du
711 3462 860 3512 mendace
882 3463 951 3513 u’est
969 3464 1032 3527 plus,
1047 3478 1144 3513 comme
1166 3470 1240 3513 autre
1260 3463 1320 3522 icis,
1336 3480 1372 3515 un
1390 3480 1460 3515 amas

290 3544 380 3592 conius
396 3542 427 3591 de
449 3542 532 3607 pieres
553 3542 654 3601 isotees,
675 3542 738 3590 dont
760 3544 874 3592 chacune
891 3558 919 3592 se
936 3543 1033 3607 croyait
1055 3558 1104 3607 peu
1128 3544 1266 3593 interesses
1288 3560 1322 3593 au
1345 3552 1402 3594 sort
1418 3545 1461 3595 des
1554 3604 1555 3609 ¹

289 3627 377 3672 autres
393 3628 418 3672 et
435 3638 462 3672 se
479 3622 717 3675 mettaitraremeot
732 3637 764 3671 en
775 3624 847 3685 peine
865 3624 895 3671 de
911 3637 940 3672 ce
956 3625 998 3688 qui
1016 3638 1048 3672 ne
1065 3624 1090 3673 la
1106 3624 1223 3673 touchait
1240 3638 1286 3687 pas
1298 3626 1461 3675 immediate·

289 3711 366 3753 ment.
376 3704 531 3753 L'attention
549 3701 698 3752 continuelle
714 3702 759 3751 des
775 3704 925 3753 souveraius
941 3708 957 3753 a
973 3711 1029 3753 tout
1041 3718 1069 3751 ce
1086 3703 1129 3767 qui
1142 3719 1169 3753 ae
1185 3718 1269 3767 passe,
1281 3702 1317 3753 les
1330 3705 1462 3754 ministres

288 3783 406 3848 toujoura
425 3783 559 3841 residebis,
576 3782 612 3831 ies
628 3783 800 3847 negotiatione
819 3783 993 3845 perpetuelles,
1010 3784 1066 3832 sont
1082 3784 1114 3833 de
1129 3782 1253 3847 l'Eiur-ope
1270 3785 1396 3835 moderno
1414 3801 1461 3835 une

289 3865 380 3927 espace
395 3864 426 3912 de
442 3864 597 3927 republique,
609 3864 671 3914 dont
682 3863 718 3913 les
729 3864 856 3913 membres
867 3863 1060 3927 independents,
1069 3864 1134 3913 mais
1151 3862 1198 3913 lies
1209 3878 1256 3927 par
1267 3860 1384 3915 1'int'eret
1395 3881 1463 3916 com·

289 3958 357 4003 mun,
374 3958 401 3992 se
416 3944 560 3993 renuissent
575 3958 640 4007 pour
655 3960 672 4006 y
688 3944 823 3993 maintenir
835 3942 930 3992 i’ordre
947 3950 972 3992 et
989 3943 1013 3993 la
1029 3943 1128 3993 liberte.
1146 3944 1217 3993 G'est
1235 3959 1270 4005 ce,
1287 3946 1332 4009 qui
1348 3948 1458 3997 adeone

289 4022 422 4073 naiasance
433 4028 450 4072 ab
460 4031 526 4073 cette
536 4023 648 4073 tamense
660 4024 715 4073 idea
724 4024 755 4073 de
763 4024 788 4073 ln
799 4024 903 4073 balance
913 4022 1042 4088 politique,
1054 4038 1087 4071 ou
1099 4024 1129 4073 de
1141 4023 1283 4087 l'equiiibre
1296 4027 1332 4075 du
1342 4030 1460 4090 pouvoir,

289 4101 328 4150 On
346 4104 437 4151 entend
454 4119 501 4166 par
515 4102 540 4153 id
556 4117 605 4150 une
621 4103 769 4169 disposition
788 4104 832 4153 des
849 4105 946 4161 choses,
957 4117 991 4152 au
1008 4118 1100 4167 moyen
1112 4103 1142 4152 de
1157 4102 1267 4168 laquelle
1279 4120 1382 4155 aucune
1395 4106 1460 4170 puia-

287 4193 366 4230 sanes
374 4194 405 4227 ne
416 4196 443 4229 se
453 4189 546 4231 trouve
554 4198 585 4231 en
596 4186 650 4232 etat
658 4184 689 4246 de
699 4184 861 4248 predominer
868 4184 1038 4242 absolument,
1049 4191 1074 4233 et
1085 4186 1116 4233 de
1129 4184 1191 4233 faire
1200 4184 1225 4233 la
1235 4182 1266 4234 toi
1277 4200 1328 4235 aux
1337 4193 1433 4236 autres.
1444 4206 1457 4230 ι

289 4261 328 4309 Le
343 4260 416 4308 droit
431 4263 476 4310 dea
489 4279 563 4326 pens,
580 4270 598 4314 t.
613 4262 637 4313 2.
652 4263 694 4314 liv.
709 4264 733 4313 3.
749 4266 787 4314 ch
804 4264 827 4323 3,
843 4272 858 4322 ἃ
873 4264 913 4313 47.
