3159 4934
208 355 291 399 CAPUT
311 357 334 399 li.
357 358 393 400 bii
413 357 580 400 OPERATIONE
598 356 708 400 domitrix
725 355 812 398 enode
833 355 984 399 onntiisitiit
1002 357 1029 399 iit
1047 355 1126 398 Finxit
1224 343 1261 400 83

92 468 138 544 iili,
158 485 281 547 quorum
312 471 401 532 bomo
427 485 483 532 non
508 479 553 532 εει
580 468 725 542 dominus
746 477 779 531 ut
807 467 939 546 digerere
966 476 996 531 et
1015 469 1130 548 augeri,
1150 479 1180 533 et
1200 469 1259 532 alia

94 567 264 630 huiusmodi.
287 566 319 630 ln
340 583 375 631 eo
395 568 487 647 igitur
507 568 585 647 quod
606 573 653 630 est
674 566 852 645 principium
867 567 935 629 talis
957 575 1052 642 actus,
1066 569 1150 630 cuins
1171 567 1260 632 bomo

92 665 219 728 dominus
239 674 293 737 est,
316 673 411 743 potest
434 667 500 743 poni
524 665 620 729 virtus
645 664 784 727 bumana.
807 663 965 728 Sciendum
988 674 1084 728 mmen
1106 673 1160 740 εει,
1180 667 1259 745 quod

93 763 252 826 huiusmodi
275 773 360 826 actus
382 771 477 842 potest
497 780 562 828 esse
583 762 690 842 triplex
705 763 893 842 principium.
909 761 1017 838 Unum,
1032 765 1110 828 sicut
1129 765 1258 843 primum

93 874 204 922 movens
223 867 253 922 et
274 861 431 938 imperans,
445 871 475 924 ει
496 863 552 926 boc
573 869 621 924 est
642 863 716 925 ratio
739 861 784 926 rel
807 861 951 925 voluutas.
967 861 1055 926 Aliud
1072 871 1118 925 est
1136 879 1259 926 movens

93 967 208 1032 motum,
223 960 300 1023 sicut
314 960 464 1039 appetitus
480 960 639 1034 sensibilis
655 960 706 1039 qui
722 969 752 1022 ει
765 969 903 1023 ιιοιειιι
917 963 955 1024 ab
968 960 1102 1039 appetitu
1113 962 1258 1040 superiori

91 1050 270 1138 inquantum
285 1059 310 1121 ei
326 1059 436 1136 obedit,
451 1065 480 1121 et
496 1067 564 1122 tunc
578 1059 685 1121 iterum
707 1067 805 1122 movet
820 1061 951 1121 membra
973 1060 1117 1122 exteriora
1139 1075 1191 1136 per
1211 1063 1259 1123 sui

92 1152 250 1234 imperium.
266 1154 397 1219 Tertium
413 1164 523 1235 autern,
538 1157 616 1236 quod
632 1164 677 1219 est
691 1165 805 1220 motum
822 1165 947 1230 tantum,
961 1156 1076 1219 scilicet
1094 1159 1259 1220 membrum

92 1257 220 1318 exterius.
233 1252 375 1327 Quamvis
390 1262 487 1317 antem
504 1263 671 1333 utrumque,
683 1254 799 1317 scilicet
813 1255 978 1317 membrum
990 1255 1121 1316 exterius
1132 1264 1162 1317 et
1172 1271 1261 1334 appe·

93 1354 158 1414 titus
171 1353 325 1428 inlerior,a
342 1353 490 1430 superiore
506 1360 588 1430 parte
604 1355 718 1414 animae
734 1360 898 1427 moveatur,
911 1361 1008 1414 tamen
1023 1352 1110 1416 aliter
1120 1360 1150 1415 et
1161 1353 1258 1416 aliter.
1371 1425 1373 1430 ,

92 1447 161 1512 Nam
175 1451 341 1513 membrum
362 1450 491 1512 exterius
510 1450 548 1512 ad
569 1458 673 1512 nutum
689 1450 789 1513 obedit
803 1451 948 1527 superiori
963 1451 1130 1527 imperanti,
1144 1452 1257 1529 absque

93 1547 144 1610 nlla
164 1549 368 1626 repugnantia,
390 1548 550 1610 secundum
573 1555 694 1610 naturae
709 1547 856 1622 ordinem;
878 1547 934 1610 nisi
957 1549 996 1609 sit
1016 1547 1257 1624 impedimentum

91 1644 213 1724 aliquod,
235 1653 269 1708 ut
292 1653 372 1723 patet
393 1645 422 1707 in
443 1661 532 1708 manu
553 1655 582 1708 et
604 1645 686 1723 pede.
714 1645 872 1724 Appetitus
900 1651 998 1707 autern
1026 1645 1145 1707 interior
1171 1646 1261 1708 babet

93 1743 232 1820 propriam
256 1742 472 1806 inclinationem
493 1759 529 1806 ex
551 1751 654 1805 natura
677 1759 742 1817 sua,
758 1744 835 1805 unde
852 1759 909 1806 non
930 1743 1030 1806 obedit
1050 1743 1194 1820 superiori
1208 1759 1258 1821 ap

92 1843 185 1916 petitui
200 1841 239 1902 ad
255 1848 367 1914 nutum,
384 1841 434 1904 sed
448 1841 595 1904 interdum
613 1849 790 1920 repugnat...
805 1839 838 1904 ln
853 1841 986 1903 membro
1007 1840 1098 1919 igitur
1117 1841 1255 1903 exteriori

91 1948 196 2002 nonest
219 1941 417 2002 necessarlum
432 1939 550 2017 aliquod
572 1940 765 2016 perfectivum
786 1947 873 2002 actus
894 1939 1025 2015 humani,
1040 1939 1097 2001 nisi
1112 1940 1257 2002 naturalis

90 2037 146 2098 eius
164 2037 320 2116 dispositio
342 2053 393 2115 per
413 2046 502 2114 quam
518 2046 619 2100 natum
635 2045 680 2100 cst
694 2037 806 2100 moveri
828 2053 845 2099 a
866 2037 987 2100 ratione.
1004 2035 1061 2100 Sed
1076 2037 1104 2098 ιι
1123 2040 1257 2116 appetitu

90 2133 221 2210 inferiori,
231 2135 283 2213 qni
295 2133 401 2197 rationi
414 2150 575 2213 repugnare
592 2141 696 2212 potest,
707 2141 752 2197 est
766 2135 969 2197 necessarium
980 2134 1101 2213 aliquid,
1114 2144 1146 2197 ut
1156 2151 1260 2213 opera·

92 2231 198 2307 tionem,
215 2247 305 2311 quam
320 2231 396 2294 ratio
410 2231 545 2309 imperat,
560 2233 673 2310 absque
688 2232 883 2310 repugnantia
899 2241 1125 2310 prosequaturm
1137 2230 1260 2304 Quando

90 2329 171 2407 igitur
190 2338 310 2407 oportet
331 2329 526 2406 operationem
553 2329 680 2392 bominis
701 2345 764 2392 esse
793 2329 872 2392 circa
894 2345 939 2404 ea,
960 2345 1035 2408 quae
1055 2339 1124 2392 sunt
1144 2331 1258 2393 obiecta

94 2428 234 2490 sensibilis
255 2427 413 2505 appetitus,
436 2427 596 2504 requiritur
623 2427 661 2489 ad
687 2427 849 2490 bonitatem
871 2429 1047 2506 operationis
1067 2429 1145 2507 quod
1168 2430 1207 2491 sit
1228 2431 1258 2492 iu

92 2526 216 2602 appetitu
239 2524 369 2587 sensibili
390 2523 489 2602 aliqua
511 2523 665 2601 dispositio
686 2524 731 2587 vel
754 2526 902 2603 perfectio,
923 2541 976 2603 per
997 2541 1086 2603 quam
1108 2527 1258 2604 appetitus

93 2623 255 2698 praedictus
271 2622 306 2683 de
320 2621 399 2692 iacili
413 2621 531 2684 obediat
544 2622 662 2694 rationi,
675 2630 705 2684 et
719 2623 796 2686 hano
818 2623 958 2687 virtutem
980 2639 1121 2688 vocamus
1133 2620 1185 2705 (i).
1200 2646 1219 2681 s

128 2717 220 2782 Obiic.
239 2717 274 2782 V.
290 2715 354 2782 Non
376 2728 498 2798 apparet
519 2719 604 2793 ratio,
618 2734 672 2781 cur
694 2735 746 2797 pro
769 2721 919 2784 voluntate
939 2737 992 2784 seu
1015 2722 1149 2801 appetitu
1169 2722 1260 2787 ratio·

90 2817 150 2892 nali,
160 2835 219 2880 nna
235 2817 375 2880 statuitur
386 2821 482 2880 virtus
493 2817 663 2893 cardinalis,
678 2833 782 2896 nempe
793 2818 917 2892 institia,
928 2826 957 2880 et
968 2835 1024 2882 non
1037 2819 1135 2898 potius
1151 2820 1259 2897 piures

37 2919 38 2922 ’
123 2915 158 2980 R.
172 2915 256 2980 Haec
278 2917 353 2979 ratio
373 2917 483 2994 optime
504 2916 669 2994 explicatur
689 2932 706 2978 a
730 2914 759 2979 S.
775 2914 901 2990 Thomu,
915 2918 975 2979 lere
997 2918 1046 2979 bis
1069 2918 1189 2980 verbis:
1210 2918 1259 2981 Ad

89 3014 124 3088 id,
138 3017 173 3078 ad
193 3015 272 3094 quod
297 3015 424 3092 potentia
445 3015 543 3092 aliqua
560 3029 591 3076 se
605 3015 736 3076 extendit
750 3030 786 3077 ex
808 3015 873 3093 ipsa
896 3015 1008 3077 ratione
1030 3015 1185 3093 potentiae,
1200 3031 1257 3079 non

90 3127 156 3189 opus
176 3123 223 3176 est
243 3114 356 3175 habitu.
372 3109 504 3175 lamvero
525 3111 661 3174 voluntas
682 3120 715 3174 ut
737 3111 921 3199 talistcndit
942 3113 980 3174 ad
997 3113 1107 3175 bonum
1122 3113 1260 3187 rationis,

89 3215 160 3276 siout
173 3215 323 3294 appetitus
338 3214 497 3276 sensitivus
509 3213 602 3275 tendit
616 3212 654 3274 ad
669 3212 841 3275 delectabile
853 3212 1016 3275 secundum
1033 3228 1163 3276 sensum.
1174 3211 1256 3292 Ergo

90 3313 216 3376 voluntas
237 3329 289 3391 per
310 3329 342 3376 se
361 3327 418 3374 non
439 3320 506 3389 eget
526 3311 630 3373 babitu
652 3311 782 3384 virtutis,
796 3311 855 3372 uisi
879 3319 909 3373 nt
932 3310 1089 3373 inclinetur
1102 3311 1131 3371 ιι
1147 3311 1255 3373 ιοιιιι

89 3411 291 3474 transcendens
314 3409 528 3489 proportionem
551 3409 706 3486 potentiae,
730 3408 863 3486 praecise
892 3415 924 3470 nt
954 3409 1082 3486 potentia
1104 3417 1159 3470 est.
1182 3407 1258 3470 Cum

89 3516 181 3569 antem
195 3509 429 3585 uniuscuiusque
442 3507 592 3586 appetitus
615 3506 715 3568 tendat
729 3507 758 3566 iu
776 3505 927 3584 proprium
945 3508 1052 3568 bonum
1076 3507 1259 3585 appetentis;

86 3603 238 3681 dupliciter
252 3605 371 3684 aliquod
390 3605 496 3667 bonum
512 3609 608 3681 potest
622 3603 762 3666 excedere
774 3603 935 3666 voluntatis
952 3603 1178 3680 proportionem.
1194 3599 1259 3665 Uno

88 3702 170 3764 modo
191 3706 300 3766 ratione
322 3702 450 3779 speciei;
476 3702 533 3764 alio
561 3701 646 3763 modo
675 3699 785 3763 ratione
814 3701 968 3763 individui.
989 3698 1117 3762 Ratione
1136 3698 1255 3778 quidem

88 3801 200 3876 speciei,
219 3802 247 3862 in
270 3807 412 3879 quantum
434 3800 549 3862 excedit
569 3799 679 3860 limites
699 3807 836 3874 naturne3
860 3806 889 3862 et
911 3800 967 3861 boc
988 3806 1034 3859 est
1056 3796 1162 3860 bonum
1184 3796 1262 3859 divi-

88 3913 161 3974 num,
178 3899 217 3960 ad
230 3899 310 3978 quod
326 3898 461 3960 voluntas
475 3895 627 3960 Cbaritate
641 3897 783 3959 elevatur.
799 3895 924 3960 Ratione
943 3894 1098 3968 individui,
1112 3902 1258 3972 quatenus

88 4004 202 4070 quaerat
223 3996 255 4058 id
276 3995 354 4074 qnod
375 4003 419 4058 est
440 3994 562 4057 alterius
584 3994 702 4072 bonnm,
717 3993 786 4056 licet
806 4001 890 4055 extra
910 3992 1021 4054 limites
1042 3993 1110 4054 boni
1132 3993 1254 4054 bumani

89 4108 138 4155 nou
159 4095 283 4169 seratum
305 4093 398 4156 etsie
420 4092 556 4155 voluntas
578 4092 729 4169 perficitur
754 4090 875 4170 iustitia,
897 4089 1022 4167 aliisque
1044 4089 1203 4153 virtutibus
1222 4090 1256 4152 in

130 4307 165 4369 (l)
184 4309 231 4372 Qq.
245 4308 321 4372 Disp.
339 4307 459 4364 Quaestio
476 4307 516 4354 Dc
530 4303 678 4353 virtutibus
695 4302 725 4352 in
742 4302 927 4357 commutem.
938 4302 961 4352 t.
