3159 4934
279 362 364 405 carun
382 364 399 404 r.
418 364 453 405 66
471 363 586 407 cmvrrnu
605 363 794 407 nnmrrcnrnus
812 366 840 407 vn
860 364 944 407 srarn
963 365 1038 407 racis
1189 352 1239 409 351

65 480 205 544 nationis.
221 478 299 543 Hinc
318 478 395 541 enlm
409 478 537 541 efficitur
551 486 584 541 ut
599 487 733 557 respectu
748 482 900 543 commissi
921 483 1052 553 muneris
1068 498 1121 561 pro
1134 485 1237 547 eadem

65 595 194 659 persona
222 577 328 657 gentis,
347 592 436 655 quam
462 585 672 654 repraesentat,
697 578 852 642 habendus
879 580 925 643 sit.
948 579 1022 645 Eius
1043 582 1136 661 igitur
1156 584 1240 647 inde·

66 676 257 755 pendentiam
279 674 455 753 participare
474 674 569 751 debet,
584 682 614 739 et
631 676 734 739 ditioni
756 677 890 752 alterius,
904 680 952 741 cui
973 679 1024 743 illa
1045 698 1101 745 non
1123 683 1239 757 subest,

64 775 206 838 submitti
226 771 338 851 nequit.

107 872 141 937 ld
164 887 232 935 vcro
252 886 308 933 non
329 868 409 934 vetat
429 871 597 950 quominus,
618 872 643 933 si
664 880 764 950 aperte
784 874 926 939 hostilem
946 876 1076 940 animum
1098 879 1240 943 exhibeat

63 988 105 1035 ac
126 970 236 1033 nefario
254 977 362 1031 conatu
383 967 540 1045 perniciem
561 972 665 1047 gentis,
686 971 766 1048 apud
787 987 878 1049 quam
900 982 1042 1049 moratur,
1064 976 1239 1051 meditatum

65 1086 103 1133 re
123 1076 281 1146 comperta,
305 1067 427 1145 reprimi
452 1068 548 1144 possit
573 1078 661 1146 atque
688 1070 777 1130 etiam
808 1070 930 1133 civitate
951 1072 1026 1135 elici.
1049 1071 1153 1152 Immo,
1175 1074 1240 1137 iure

65 1176 185 1230 tantum
196 1174 318 1229 naturae
331 1172 474 1241 spectato,
488 1164 562 1227 nilril
578 1166 734 1244 prohibere
748 1166 865 1229 videtur
881 1171 1048 1247 quominus,
1063 1172 1101 1234 ob
1115 1172 1238 1236 evidens

65 1266 191 1338 crimen,
212 1279 303 1341 poena
324 1262 412 1326 etiam
433 1263 537 1325 merita
561 1263 714 1339 plectatur.
737 1262 795 1329 Sed
816 1265 854 1327 ad
876 1268 1059 1331 occasionem
1083 1268 1239 1334 violentiae

65 1363 219 1426 vitandam
241 1371 272 1423 et
290 1360 454 1439 legatorum
476 1360 640 1424 libertatem
663 1362 770 1425 mellus
789 1363 986 1441 asserendam,
1012 1375 1239 1431 consentaneum

65 1463 124 1524 fuit
146 1470 180 1522 ut
199 1459 342 1523 eiusmodi
365 1473 454 1537 poena
469 1475 485 1520 a
502 1459 619 1537 proprio
634 1458 779 1538 Principe,
796 1460 844 1523 cui
866 1461 982 1539 legatus
1003 1464 1171 1540 subiicitur,
1194 1466 1239 1527 ln-

66 1558 196 1637 11166616
224 1556 443 1635 relinqueretur.
470 1555 638 1619 Generatim
660 1558 691 1619 in
712 1558 769 1620 bac
790 1559 912 1620 materia
935 1561 1067 1623 moribus
1089 1561 1239 1624 cultarum

64 1656 200 1734 gentium
213 1654 352 1717 standum
366 1662 424 1729 est;
440 1671 516 1733 quae
530 1656 577 1717 ius
591 1658 649 1718 hoc
670 1664 791 1719 naturae
813 1658 875 1719 suis
899 1660 1033 1736 positivis
1053 1661 1170 1739 legibus
1185 1669 1238 1725 aut

66 1752 203 1816 moribus
215 1751 345 1816 emollire
359 1768 395 1815 ac
408 1761 571 1830 temperare
585 1761 808 1828 consueverunt,
824 1764 942 1832 propter
957 1772 1110 1821 commune
1129 1760 1238 1822 bonum

66 1849 238 1926 tutandum,
253 1850 331 1929 quod
351 1852 479 1913 maxime
499 1866 536 1913 er
552 1850 773 1914 inviolabilitate
795 1850 971 1931 legatorum
995 1856 1108 1933 pendet.
1124 1854 1239 1921 Horum

65 1949 159 2011 laesio
180 1948 342 2010 marimum
364 1949 474 2011 crimen
488 1948 783 2035 est-internationale,
798 1950 875 2028 quod
891 1952 1020 2015 omnium
1039 1954 1171 2033 gentium
1194 1970 1240 2018 rc·

64 2046 195 2109 16116666
214 2046 244 2107 16
264 2019 575 2109 discunen'afvoncu.

444 2373 592 2449 darer
617 2374 867 2450 SECUNDUM

272 2580 310 2628 nn
334 2578 557 2629 amomonmns
582 2578 739 2629 namonmr
764 2580 797 2630 m
823 2580 921 2631 oraru
946 2542 1038 2633 nnnnr

111 2816 249 2901 610616
272 2811 394 2887 nomine
416 2816 499 2886 belli.
514 2818 680 2885 Consensus
699 2828 728 2885 et
749 2824 905 2887 concordia
924 2826 1084 2899 nationum,
1104 2842 1140 2889 cx
1161 2834 1242 2890 tran·

67 2920 219 3000 quillitate
239 2920 349 2982 ordinis
369 2927 399 2981 ct
420 2927 589 2981 mutuorum
610 2920 773 2983 officiorum
796 2922 981 2985 observantia
1002 2938 1155 2999 enascens,
1170 2926 1242 2990 vitio

67 3019 218 3079 humanae
233 3016 393 3078 voluntatis
413 3016 587 3095 interrumpi
608 3017 782 3096 quandoque
804 3026 902 3097 potest
921 3027 951 3083 et
972 3022 1105 3099 graviter
1127 3030 1244 3100 pertur-

68 3116 146 3177 bari,
161 3111 244 3176 Tunc
259 3121 291 3175 ut
306 3113 520 3191 redintegretur
535 3120 623 3191 atque
637 3115 675 3177 ab
690 3113 821 3178 ulteriori
844 3117 950 3180 damno
965 3117 1147 3193 defendatur,
1163 3121 1242 3183 omni

67 3213 141 3275 nisu
159 3211 322 3274 curandum
342 3218 398 3272 est.
414 3208 471 3273 Sed
492 3211 635 3288 contingit
656 3211 814 3289 aliquando
835 3221 868 3274 ut
888 3215 962 3277 haec
985 3215 1096 3277 ordinis
1110 3202 1243 3279 redinte-

70 3310 169 3390 gratio
184 3309 308 3373 obtineri
327 3307 413 3371 aliter
433 3316 567 3386 nequeat,
582 3309 639 3369 nisi
653 3324 801 3371 armorum
816 3310 859 3383 vi;
873 3326 941 3389 qua,
957 3313 1103 3388 protervia
1125 3312 1242 3391 iniquae

68 3408 169 3488 gentis
189 3415 300 3480 retusa,
320 3406 360 3479 id,
380 3406 459 3484 quod
480 3405 552 3468 ordo
574 3406 678 3484 poscit,
700 3406 874 3470 vindicetur.
895 3404 973 3471 Hinc
1001 3409 1095 3472 oritur
1115 3408 1242 3483 bellum3

67 3507 151 3585 quod
172 3522 191 3567 6
212 3503 314 3568 Grotio
334 3503 459 3566 dicitnr:
481 3499 594 3565 Status
614 3502 779 3565 undenum
793 3522 854 3584 per
874 3506 939 3566 nim
963 3505 1158 3587 certantium,
1180 3526 1243 3587 qun

69 3601 153 3667 tales
173 3606 250 3665 sunt
263 3600 316 3680 (ll.
337 3598 418 3673 Quae
439 3592 599 3678 descriptio
619 3616 637 3662 a
658 3601 726 3664 belli
754 3601 868 3664 iustitia
889 3602 937 3664 vel
963 3602 1104 3665 iniustitia
1131 3604 1244 3683 cogita·

68 3701 182 3764 tionem
203 3700 360 3774 abstrahit,
380 3716 448 3762 cum
469 3699 613 3779 generalis
634 3699 675 3762 sit
694 3707 725 3763 et
746 3714 808 3763 rem
830 3700 950 3763 interius
970 3700 1164 3764 deliniendam
1187 3719 1243 3766 non

67 3798 294 3874 complectatur.
316 3795 400 3870 Quod
427 3798 490 3875 lpse
515 3804 619 3859 auctor
647 3796 779 3860 declarat
807 3798 854 3859 his
878 3797 990 3859 verbis:
1014 3795 1190 3862 «Iustitiam
1212 3800 1242 3862 in

68 3897 239 3963 delinitione
260 3913 315 3960 non
336 3896 464 3974 includo,
484 3896 554 3974 quia
575 3896 632 3958 hoc
648 3897 745 3974 ipsum
767 3895 817 3957 hic
831 3897 1011 3973 quaerimus,
1026 3897 1101 3960 sitne
1120 3898 1243 3977 aliquod

68 3996 315 4073 bellumiustum,
330 3994 520 4073 etquodnam
535 3994 645 4057 bellum
665 3994 777 4056 iustum
801 3993 849 4056 sit.
865 3991 1015 4073 Distingui
1036 3996 1136 4058 antem
1155 3997 1243 4061 debet

68 4095 113 4171 id,
132 4094 212 4174 quod
232 4094 397 4173 quaeritur,
415 4094 454 4155 ab
473 4108 516 4173 eo,
538 4092 575 4155 de
596 4108 655 4171 qun
675 4092 870 4170 quaeritur.»

814 4240 848 4280 3„

118 4308 153 4372 (1)
170 4310 211 4358 De
226 4308 286 4356 iure
302 4308 364 4356 detti
380 4315 405 4355 ct
417 4306 503 4369 pacis,
519 4306 536 4355 l.
553 4305 571 4365 1,
587 4319 608 4354 c.
626 4305 648 4363 1,
664 4319 688 4353 ῃ,
703 4301 726 4353 2·
813 4284 830 4315 ἰ,
