3159 4934
397 305 480 349 cruror
499 304 533 349 m.
552 306 586 349 uu
604 304 695 349 uonna
713 304 886 348 oeusarrours
905 305 1033 347 numanae
1263 288 1299 346 95

126 422 245 492 divinae
266 422 411 486 voluntati
434 424 569 499 praefert,
591 420 796 483 satisfaciendo
810 420 836 482 ei
859 428 960 482 contra
974 420 1123 493 ordinem;
1138 437 1214 499 quae
1234 422 1300 498 qui-

126 526 194 589 dem
215 523 412 602 inaequalitas
432 521 555 599 tollitur,
569 522 641 583 dum
662 526 764 583 contra
778 519 958 582 voluntatem
980 536 1065 582 suam
1080 521 1169 583 bomo
1183 521 1297 600 aliquid

128 626 188 703 pati
219 624 344 701 cogitur,
371 621 533 684 secundum
558 621 768 683 ordinationem
784 618 834 698 (l).
851 640 868 675 »
891 615 985 681 Poena
1012 628 1057 681 est
1040 620 1179 720 quasi
1187 620 1297 683 reactio

127 723 254 812 rationis
270 730 299 784 et
318 720 448 785 iustitiae
469 719 506 780 ad
521 718 653 786 ordinem
677 720 880 799 perturbatum
904 702 1132 791 restituendum,
1150 726 1180 779 et
1180 694 1302 791 luder,

126 837 187 900 quo
207 819 313 883 iustior
334 826 445 893 ester
467 816 562 896 magis
582 816 792 879 inexorabilem
814 816 989 878 sententiam
1010 817 1074 878 lert.

171 916 317 982 Probatur
338 916 466 979 secundo
486 929 522 977 ex
544 916 701 977 sanctitate
722 914 830 977 divina
851 911 929 975 Nam
953 914 1103 977 sanctitati
1125 913 1241 979 divinae
1257 930 1302 977 re·

130 1030 242 1096 pugnat
263 1023 296 1077 ut
316 1013 544 1077 obedientiama
568 1012 743 1090 pervicacia,
767 1013 907 1074 virtutem
930 1012 1045 1109 aritio,
1061 1011 1090 1073 in
1105 1012 1222 1074 ontibus
1236 1030 1252 1074 a
1268 1028 1300 1075 se

129 1113 369 1191 dependentibus
398 1111 527 1189 practice
553 1126 609 1173 non
638 1111 831 1173 discriminet.
859 1107 892 1173 ld
923 1126 997 1175 vero
1014 1117 1250 1189 consequeretur
1275 1111 1300 1171 si

128 1214 260 1277 honestis
282 1210 415 1273 muribus
437 1209 608 1287 praemium,
634 1209 790 1286 pravisque
811 1223 934 1285 poenam
957 1224 1013 1270 uon
1038 1208 1301 1285 rependentem

126 1310 246 1391 aequali
268 1318 346 1372 sorte
367 1316 431 1369 tum
452 1307 544 1369 bonus
567 1317 628 1369 tum
652 1306 743 1369 malos
763 1305 1049 1385 donaret.·ltemque,
1072 1308 1097 1367 si
1119 1307 1219 1369 odium
1242 1322 1302 1385 quo

127 1408 274 1473 sauctitas
296 1406 394 1470 scelus
409 1406 605 1483 prosequitur,
629 1420 768 1483 amorque
785 1420 845 1483 quo
867 1404 1005 1466 virtutem
1027 1404 1133 1484 diligit,
1147 1405 1176 1467 in
1192 1407 1299 1483 guber·

128 1515 231 1571 natore
244 1514 274 1569 et
289 1505 420 1584 principe
436 1502 638 1581 potentissimo
651 1505 757 1565 efficax
778 1510 840 1575 est;
865 1504 994 1580 proiecto
1007 1503 1136 1582 exigitur
1151 1512 1184 1565 ut
1199 1504 1302 1566 virtuti

130 1605 271 1685 praemia,
292 1603 452 1666 sceleribus
474 1617 583 1679 poenae
604 1609 798 1681 congruentes
818 1609 965 1678 aptentur.

169 1702 316 1766 Probatur
342 1701 429 1763 tertio
456 1716 492 1762 ex
514 1699 613 1761 divina
640 1698 782 1776 sapientia
810 1707 840 1761 et
866 1699 1057 1777 providentia.
1083 1696 1161 1761 Nam
1189 1700 1303 1777 providi

129 1800 307 1879 legislatoris
329 1798 472 1875 sapientia
494 1798 599 1876 poscit,
622 1804 653 1858 ut
673 1797 845 1878 efficaciter,
865 1805 1008 1875 quantum
1031 1798 1124 1876 decet,
1146 1797 1182 1859 ad
1203 1797 1302 1877 legum

127 1899 345 1963 observantiam
367 1896 502 1958 subditos
521 1896 665 1972 impellat.
682 1894 794 1958 Curare
814 1894 904 1972 igitur
925 1896 1021 1969 debet,
1044 1905 1076 1956 ut
1091 1897 1141 1973 qui
1158 1896 1237 1974 leges
1252 1912 1304 1958 eu-

129 1996 273 2067 stodiunt,
294 1994 394 2057 felices
414 1993 558 2065 evadant;
579 1992 628 2070 qui
644 2002 745 2055 contra
768 1992 886 2072 violant,
904 1994 1002 2055 miseri
1024 1995 1199 2056 efficiantur.
1215 1992 1303 2056 Prae

131 2093 234 2156 sertim
256 2092 286 2154 id
315 2091 412 2155 locum
440 2091 540 2169 babet,
562 2106 629 2153 cum
651 2091 686 2153 ad
716 2090 812 2169 legem
834 2090 1054 2154 custodiendam
1080 2108 1166 2170 saepe
1187 2094 1302 2170 magnis

131 2195 223 2255 buius
244 2191 321 2252 vitae
344 2190 426 2252 bouis
447 2190 581 2250 nuntium
600 2188 717 2252 mittere
731 2204 852 2257 necesse
873 2188 912 2250 sit
926 2206 962 2251 ac
977 2206 1100 2267 magnus
1114 2190 1303 2252 calamitates

130 2290 296 2362 incurrere3
313 2296 413 2350 contra
430 2286 467 2347 ad
480 2282 576 2365 legem
591 2284 757 2349 violandam
780 2302 868 2363 saepe
888 2286 1022 2349 homines
1042 2288 1110 2365 iuga
1130 2287 1303 2365 gravissimi

130 2384 306 2449 incommodi
329 2391 381 2447 aut
402 2399 501 2446 amore
517 2384 707 2461 praegrandis
729 2383 917 2446 emolumenti
941 2383 1144 2447 sollicitentur.
1159 2382 1302 2463 Itemque,

131 2500 199 2547 cum
221 2485 316 2560 prima
338 2483 421 2545 radix
441 2482 537 2545 omnis
557 2482 745 2558 appetitionis
767 2482 807 2543 sit
828 2482 970 2555 felicitas3
995 2484 1093 2559 nequit
1109 2484 1199 2545 bomo
1219 2484 1302 2545 iuxta

130 2582 292 2659 sapientiae
306 2580 437 2643 ordinem
453 2580 490 2642 ad
507 2581 598 2657 legem
614 2580 787 2642 servandam
809 2581 939 2653 invitari,
960 2580 1016 2642 nisi
1031 2582 1119 2643 simul
1141 2582 1199 2660 ipsi
1221 2599 1305 2646 meu·

131 2687 244 2741 stretur
264 2678 321 2739 hac
342 2679 390 2742 via
412 2693 443 2740 se
464 2677 502 2740 ad
523 2678 690 2740 felicitatem
720 2693 785 2740 esse
815 2687 1033 2755 perventurum.
1056 2678 1207 2755 Vicissim,
1235 2698 1303 2744 cum

130 2776 217 2838 radix
232 2775 327 2839 omnis
341 2776 504 2838 aversionis
519 2776 558 2837 sit
572 2776 641 2854 iuga
663 2775 749 2848 mali;
770 2776 871 2853 nequit
892 2778 980 2838 bomo
1001 2786 1194 2855 congruenter
1207 2797 1225 2842 a
1240 2778 1304 2843 vio-

129 2873 239 2935 latione
258 2872 334 2950 legis
348 2873 499 2946 deterreri
519 2873 576 2935 nisi
599 2888 734 2952 magnam
751 2872 949 2935 calamitatem
964 2889 997 2936 ea
1012 2875 1168 2939 violatione
1185 2893 1217 2940 se
1235 2878 1305 2940 sub

130 2974 243 3035 iturum
264 2970 350 3033 sciat
1338 3034 1349 3054 ,ἱ

94 3044 235 3177 ssiat
256 3068 339 3131 dicas
359 3069 493 3130 sufficere
509 3068 609 3146 quod
602 3084 665 3148 rpsa
681 3068 755 3147 legis
769 3069 904 3131 custodia
920 3070 960 3132 sit
981 3071 1089 3133 bonum
1105 3072 1224 3151 morale,
1239 3073 1304 3135 cius

95 3181 201 3232 vero
224 3168 421 3246 transgressio
444 3168 484 3228 sit
505 3167 623 3229 malurn
645 3164 753 3229 Nam
744 3184 774 3229 rn
798 3168 901 3248 primis
920 3177 1029 3245 quotus
1044 3170 1168 3247 quisque
1182 3177 1228 3231 est
1244 3178 1302 3231 tam
1385 3198 1389 3203 ·

132 3266 319 3345 praecellenti
347 3266 454 3327 virtute
482 3272 614 3338 ornatus,
641 3265 693 3343 qui
715 3267 770 3328 bac
800 3274 914 3327 tantum
941 3266 1049 3329 ductus
1077 3268 1188 3330 ratione
1208 3268 1301 3345 legem

133 3364 282 3428 custodire
297 3364 378 3439 velit;
395 3364 569 3441 praesertim
583 3364 612 3424 in
628 3363 745 3426 casibus
760 3363 987 3438 difficilioribus,
1001 3366 1029 3426 in
1044 3365 1152 3443 quibus
1172 3365 1300 3427 bumana

135 3462 271 3523 debilitas
292 3462 378 3540 plura
400 3461 567 3523 adiumenta
590 3462 730 3539 requirit?
753 3460 814 3525 Lex
836 3472 945 3535 autem,
967 3480 1034 3525 cum
1060 3466 1301 3526 communitatem

135 3560 280 3637 respiciat,
296 3560 418 3636 motiva,
430 3559 538 3637 quibus
548 3559 678 3638 luloitur,
689 3561 827 3623 omnibus
838 3562 1062 3625 accommodare
1073 3564 1168 3625 debet.
1182 3560 1301 3636 Deinde,

132 3658 185 3721 hic
206 3674 259 3721 uuo
275 3665 426 3735 spectatur
439 3657 509 3735 quid
525 3657 657 3720 subiecto
672 3659 808 3721 sufficere
824 3660 927 3735 possit,
943 3659 993 3720 sed
1007 3659 1078 3735 quid
1098 3661 1252 3722 conveniat
1265 3676 1301 3721 ex

132 3762 217 3833 parte
238 3755 378 3833 sapientis
399 3754 588 3833 legislatoris,
601 3758 652 3834 qui
668 3755 761 3817 ordini
777 3764 808 3818 et
822 3756 1001 3819 inclinationi
1016 3763 1137 3818 naturae
1151 3765 1302 3819 consenta-

131 3870 204 3918 neus
220 3869 284 3916 esse
299 3853 394 3915 debet.
410 3850 542 3915 lamvero
557 3868 641 3915 neruo
656 3869 712 3916 non
727 3854 806 3915 videt
821 3854 951 3915 ordinem
969 3852 1117 3932 postulare
1136 3863 1168 3915 ut
1191 3854 1235 3933 iis,
1251 3856 1302 3933 qui

131 3955 206 4017 bene
220 3960 322 4031 agunt
335 3951 406 4012 beno
422 3952 473 4025 sit;
489 3957 590 4013 contra
606 3950 701 4027 turpis
717 3951 795 4013 actio
810 3949 941 4012 scelestis
957 3948 1142 4012 maleventat:
1157 3960 1245 4030 atque
1260 3954 1302 4014 ita
1394 3999 1398 4009 ,

132 4052 259 4115 felicitas
275 4064 341 4113 curu
357 4052 420 4115 solu
436 4050 545 4111 virtute
560 4049 676 4111 tandem
692 4047 851 4125 aliquando
866 4046 1027 4125 copuletur.
1043 4047 1086 4110 At
1099 4048 1129 4111 id
1143 4066 1202 4128 quo
1218 4059 1303 4129 pacto

180 4263 214 4327 (ll
236 4266 336 4315 Contra
357 4265 482 4318 Gerttiles,
499 4260 540 4311 lib.
557 4259 580 4317 3.
597 4274 617 4309 c.
635 4259 687 4309 llo.
