<?xml version="1.0" encoding="UTF-8"?>
<!DOCTYPE html PUBLIC "-//W3C//DTD XHTML 1.0 Transitional//EN"
    "http://www.w3.org/TR/xhtml1/DTD/xhtml1-transitional.dtd">
<html xmlns="http://www.w3.org/1999/xhtml" xml:lang="en" lang="en">
 <head>
  <title>
</title>
<meta http-equiv="Content-Type" content="text/html;charset=utf-8" />
  <meta name='ocr-system' content='tesseract 3.04.00' />
  <meta name='ocr-capabilities' content='ocr_page ocr_carea ocr_par ocr_line ocrx_word'/>
</head>
<body>
  <div class='ocr_page' id='page_1' title='image "./institutioneset00libegoog_0204.png"; bbox 0 0 3159 4934; ppageno 0'>
   <div class='ocr_carea' id='block_1_1' title="bbox 426 279 1254 344">
    <p class='ocr_par' dir='ltr' id='par_1_1' title="bbox 426 279 1254 344">
     <span class='ocr_line' id='line_1_1' title="bbox 426 279 1254 344; baseline -0.007 -2"><span class='ocrx_word' id='word_1_1' title='bbox 426 299 511 344; x_wconf 70' lang='lat' dir='ltr'>CAPUT</span> <span class='ocrx_word' id='word_1_2' title='bbox 529 299 545 341; x_wconf 86' lang='lat' dir='ltr'><strong>l.</strong></span> <span class='ocrx_word' id='word_1_3' title='bbox 561 301 595 342; x_wconf 80' lang='lat' dir='ltr'><strong>ba</strong></span> <span class='ocrx_word' id='word_1_4' title='bbox 613 299 752 342; x_wconf 76' lang='lat' dir='ltr'><strong>saeternae</strong></span> <span class='ocrx_word' id='word_1_5' title='bbox 769 298 915 343; x_wconf 75' lang='lat' dir='ltr'><strong>bodasrlcl</strong></span> <span class='ocrx_word' id='word_1_6' title='bbox 1204 279 1254 337; x_wconf 77' lang='lat'><strong>199</strong></span> 
     </span>
    </p>
   </div>
   <div class='ocr_carea' id='block_1_2' title="bbox 79 409 1253 983">
    <p class='ocr_par' dir='ltr' id='par_1_2' title="bbox 79 409 1253 983">
     <span class='ocr_line' id='line_1_2' title="bbox 85 409 1252 486; baseline -0.007 -10"><span class='ocrx_word' id='word_1_7' title='bbox 85 410 328 478; x_wconf 80' lang='lat' dir='ltr'><strong>communionem</strong></span> <span class='ocrx_word' id='word_1_8' title='bbox 358 428 426 477; x_wconf 92' lang='lat' dir='ltr'><strong>vero</strong></span> <span class='ocrx_word' id='word_1_9' title='bbox 456 421 570 476; x_wconf 90' lang='lat' dir='ltr'><strong>tantum</strong></span> <span class='ocrx_word' id='word_1_10' title='bbox 600 413 752 486; x_wconf 91' lang='lat' dir='ltr'><strong>bonorum,</strong></span> <span class='ocrx_word' id='word_1_11' title='bbox 773 411 849 474; x_wconf 90' lang='lat' dir='ltr'><strong>inter</strong></span> <span class='ocrx_word' id='word_1_12' title='bbox 876 409 934 472; x_wconf 89' lang='lat' dir='ltr'><strong>alia</strong></span> <span class='ocrx_word' id='word_1_13' title='bbox 960 409 1155 482; x_wconf 89' lang='lat' dir='ltr'><strong>incommoda,</strong></span> <span class='ocrx_word' id='word_1_14' title='bbox 1175 423 1252 486; x_wconf 92' lang='lat' dir='ltr'><strong>quae</strong></span> 
     </span>
     <span class='ocr_line' id='line_1_3' title="bbox 82 507 1253 592; baseline -0.003 -20"><span class='ocrx_word' id='word_1_15' title='bbox 82 511 206 590; x_wconf 90' lang='lat' dir='ltr'><strong>patitur,</strong></span> <span class='ocrx_word' id='word_1_16' title='bbox 228 513 382 590; x_wconf 88' lang='lat' dir='ltr'><strong>conceptui</strong></span> <span class='ocrx_word' id='word_1_17' title='bbox 402 511 533 575; x_wconf 88' lang='lat' dir='ltr'><strong>civitatis</strong></span> <span class='ocrx_word' id='word_1_18' title='bbox 554 511 715 586; x_wconf 85' lang='lat' dir='ltr'><strong>adversari,</strong></span> <span class='ocrx_word' id='word_1_19' title='bbox 735 527 812 592; x_wconf 91' lang='lat' dir='ltr'><strong>quae</strong></span> <span class='ocrx_word' id='word_1_20' title='bbox 838 510 881 573; x_wconf 91' lang='lat' dir='ltr'><strong>sic</strong></span> <span class='ocrx_word' id='word_1_21' title='bbox 905 515 1122 572; x_wconf 83' lang='lat' dir='ltr'><strong>converteretur</strong></span> <span class='ocrx_word' id='word_1_22' title='bbox 1146 509 1178 571; x_wconf 91' lang='lat' dir='ltr'><strong>in</strong></span> <span class='ocrx_word' id='word_1_23' title='bbox 1201 507 1253 570; x_wconf 92' lang='lat' dir='ltr'><strong>do·</strong></span> 
     </span>
     <span class='ocr_line' id='line_1_4' title="bbox 82 606 1252 690; baseline -0.003 -19"><span class='ocrx_word' id='word_1_24' title='bbox 82 625 177 672; x_wconf 87' lang='lat' dir='ltr'><strong>mum.</strong></span> <span class='ocrx_word' id='word_1_25' title='bbox 200 606 313 673; x_wconf 83' lang='lat' dir='ltr'><strong>Civitas</strong></span> <span class='ocrx_word' id='word_1_26' title='bbox 332 611 409 673; x_wconf 88' lang='lat' dir='ltr'><strong>enim</strong></span> <span class='ocrx_word' id='word_1_27' title='bbox 430 617 487 673; x_wconf 86' lang='lat' dir='ltr'><strong>non</strong></span> <span class='ocrx_word' id='word_1_28' title='bbox 508 626 587 674; x_wconf 90' lang='lat' dir='ltr'><strong>mere</strong></span> <span class='ocrx_word' id='word_1_29' title='bbox 607 611 760 690; x_wconf 81' lang='lat' dir='ltr'><strong>consurgit</strong></span> <span class='ocrx_word' id='word_1_30' title='bbox 780 625 817 672; x_wconf 80' lang='lat' dir='ltr'><strong>eu</strong></span> <span class='ocrx_word' id='word_1_31' title='bbox 842 608 977 687; x_wconf 91' lang='lat' dir='ltr'><strong>pluribus</strong></span> <span class='ocrx_word' id='word_1_32' title='bbox 1001 607 1179 680; x_wconf 92' lang='lat' dir='ltr'><strong>bominibus,</strong></span> <span class='ocrx_word' id='word_1_33' title='bbox 1199 606 1252 668; x_wconf 88' lang='lat' dir='ltr'><strong>scd</strong></span> 
     </span>
     <span class='ocr_line' id='line_1_5' title="bbox 83 704 1252 785; baseline -0.002 -17"><span class='ocrx_word' id='word_1_34' title='bbox 83 721 121 770; x_wconf 85' lang='lat' dir='ltr'><strong>ex</strong></span> <span class='ocrx_word' id='word_1_35' title='bbox 142 706 279 785; x_wconf 90' lang='lat' dir='ltr'><strong>pluribus</strong></span> <span class='ocrx_word' id='word_1_36' title='bbox 292 708 462 770; x_wconf 90' lang='lat' dir='ltr'><strong>bominibus</strong></span> <span class='ocrx_word' id='word_1_37' title='bbox 476 709 641 772; x_wconf 90' lang='lat' dir='ltr'><strong>conditione</strong></span> <span class='ocrx_word' id='word_1_38' title='bbox 655 707 859 770; x_wconf 78' lang='lat' dir='ltr'><strong>differentibus</strong></span> <span class='ocrx_word' id='word_1_39' title='bbox 873 713 903 769; x_wconf 94' lang='lat' dir='ltr'><strong>et</strong></span> <span class='ocrx_word' id='word_1_40' title='bbox 917 705 1057 769; x_wconf 90' lang='lat' dir='ltr'><strong>societate</strong></span> <span class='ocrx_word' id='word_1_41' title='bbox 1071 704 1177 767; x_wconf 90' lang='lat' dir='ltr'><strong>minori</strong></span> <span class='ocrx_word' id='word_1_42' title='bbox 1191 704 1252 768; x_wconf 90' lang='lat' dir='ltr'><strong>iam</strong></span> 
     </span>
     <span class='ocr_line' id='line_1_6' title="bbox 80 801 1252 885; baseline -0.001 -20"><span class='ocrx_word' id='word_1_43' title='bbox 80 805 271 884; x_wconf 60' lang='lat' dir='ltr'><strong>aggregatim</strong></span> <span class='ocrx_word' id='word_1_44' title='bbox 287 804 364 869; x_wconf 91' lang='lat' dir='ltr'><strong>sicut</strong></span> <span class='ocrx_word' id='word_1_45' title='bbox 384 805 483 869; x_wconf 83' lang='lat' dir='ltr'><strong>vitalis</strong></span> <span class='ocrx_word' id='word_1_46' title='bbox 498 805 683 885; x_wconf 82' lang='lat' dir='ltr'><strong>organismns</strong></span> <span class='ocrx_word' id='word_1_47' title='bbox 697 807 841 869; x_wconf 89' lang='lat' dir='ltr'><strong>condatur</strong></span> <span class='ocrx_word' id='word_1_48' title='bbox 855 820 890 868; x_wconf 88' lang='lat' dir='ltr'><strong>ex</strong></span> <span class='ocrx_word' id='word_1_49' title='bbox 906 803 1040 882; x_wconf 89' lang='lat' dir='ltr'><strong>partibus</strong></span> <span class='ocrx_word' id='word_1_50' title='bbox 1057 801 1252 865; x_wconf 86' lang='lat' dir='ltr'><strong>dissimilibus</strong></span> 
     </span>
     <span class='ocr_line' id='line_1_7' title="bbox 79 902 847 983; baseline 0.004 -20"><span class='ocrx_word' id='word_1_51' title='bbox 79 918 120 965; x_wconf 88' lang='lat' dir='ltr'><strong>ao</strong></span> <span class='ocrx_word' id='word_1_52' title='bbox 142 902 282 981; x_wconf 83' lang='lat' dir='ltr'><strong>peculiari</strong></span> <span class='ocrx_word' id='word_1_53' title='bbox 303 911 456 968; x_wconf 79' lang='lat' dir='ltr'><strong>structura</strong></span> <span class='ocrx_word' id='word_1_54' title='bbox 476 913 507 967; x_wconf 92' lang='lat' dir='ltr'><strong>et</strong></span> <span class='ocrx_word' id='word_1_55' title='bbox 527 905 675 969; x_wconf 86' lang='lat' dir='ltr'><strong>iunctione</strong></span> <span class='ocrx_word' id='word_1_56' title='bbox 696 903 847 983; x_wconf 88' lang='lat' dir='ltr'><strong>praeditis.</strong></span> 
     </span>
    </p>
   </div>
   <div class='ocr_carea' id='block_1_3' title="bbox 555 1195 848 1294">
    <p class='ocr_par' dir='ltr' id='par_1_3' title="bbox 555 1195 848 1294">
     <span class='ocr_line' id='line_1_8' title="bbox 555 1195 848 1294; baseline -0.007 -33"><span class='ocrx_word' id='word_1_57' title='bbox 555 1197 723 1262; x_wconf 85' lang='lat' dir='ltr'><strong>Anncnnus</strong></span> <span class='ocrx_word' id='word_1_58' title='bbox 744 1195 780 1260; x_wconf 90' lang='lat' dir='ltr'><strong>ll.</strong></span> <span class='ocrx_word' id='word_1_59' title='bbox 842 1281 848 1294; x_wconf 36' lang='grc'><strong><em>,</em></strong></span> 
     </span>
    </p>
   </div>
   <div class='ocr_carea' id='block_1_4' title="bbox 412 1327 927 1411">
    <p class='ocr_par' dir='ltr' id='par_1_4' title="bbox 412 1327 927 1411">
     <span class='ocr_line' id='line_1_9' title="bbox 412 1327 927 1411; baseline -0.006 -16"><span class='ocrx_word' id='word_1_60' title='bbox 412 1327 461 1395; x_wconf 89' lang='lat' dir='ltr'><strong>De</strong></span> <span class='ocrx_word' id='word_1_61' title='bbox 482 1331 599 1394; x_wconf 72' lang='lat' dir='ltr'><strong>marnas</strong></span> <span class='ocrx_word' id='word_1_62' title='bbox 619 1331 786 1411; x_wconf 77' lang='lat' dir='ltr'><strong>coaiuprrm</strong></span> <span class='ocrx_word' id='word_1_63' title='bbox 807 1328 927 1411; x_wconf 80' lang='lat' dir='ltr'><strong>officiis.</strong></span> 
     </span>
    </p>
   </div>
   <div class='ocr_carea' id='block_1_5' title="bbox 77 1487 1303 4310">
    <p class='ocr_par' dir='ltr' id='par_1_5' title="bbox 77 1487 1293 2144">
     <span class='ocr_line' id='line_1_10' title="bbox 120 1487 1293 1654; baseline -0.003 -100"><span class='ocrx_word' id='word_1_64' title='bbox 120 1489 149 1554; x_wconf 81' lang='lat'><strong>9.</strong></span> <span class='ocrx_word' id='word_1_65' title='bbox 171 1487 367 1560; x_wconf 74' lang='lat' dir='ltr'><strong>condiliones</strong></span> <span class='ocrx_word' id='word_1_66' title='bbox 389 1488 569 1576; x_wconf 81' lang='lat' dir='ltr'><strong>requisitae.</strong></span> <span class='ocrx_word' id='word_1_67' title='bbox 591 1489 811 1556; x_wconf 83' lang='lat' dir='ltr'><strong>Matrimonium</strong></span> <span class='ocrx_word' id='word_1_68' title='bbox 841 1491 870 1553; x_wconf 93' lang='lat' dir='ltr'><strong>iu</strong></span> <span class='ocrx_word' id='word_1_69' title='bbox 893 1490 996 1568; x_wconf 92' lang='lat' dir='ltr'><strong>primis</strong></span> <span class='ocrx_word' id='word_1_70' title='bbox 1021 1490 1064 1553; x_wconf 89' lang='lat' dir='ltr'><strong>sic</strong></span> <span class='ocrx_word' id='word_1_71' title='bbox 1091 1489 1251 1552; x_wconf 88' lang='lat' dir='ltr'><strong>ineundum</strong></span> <span class='ocrx_word' id='word_1_72' title='bbox 1260 1495 1293 1654; x_wconf 62' lang='grc'>4</span> 
     </span>
     <span class='ocr_line' id='line_1_11' title="bbox 77 1585 1252 1678; baseline -0.001 -26"><span class='ocrx_word' id='word_1_73' title='bbox 77 1597 136 1668; x_wconf 84' lang='lat' dir='ltr'><strong>est,</strong></span> <span class='ocrx_word' id='word_1_74' title='bbox 160 1597 192 1651; x_wconf 90' lang='lat' dir='ltr'><strong>nt</strong></span> <span class='ocrx_word' id='word_1_75' title='bbox 213 1604 353 1668; x_wconf 90' lang='lat' dir='ltr'><strong>personae</strong></span> <span class='ocrx_word' id='word_1_76' title='bbox 378 1587 493 1653; x_wconf 87' lang='lat' dir='ltr'><strong>babilas</strong></span> <span class='ocrx_word' id='word_1_77' title='bbox 521 1591 582 1653; x_wconf 89' lang='lat' dir='ltr'><strong>sint</strong></span> <span class='ocrx_word' id='word_1_78' title='bbox 609 1591 646 1652; x_wconf 90' lang='lat' dir='ltr'><strong>ad</strong></span> <span class='ocrx_word' id='word_1_79' title='bbox 676 1591 762 1652; x_wconf 87' lang='lat' dir='ltr'><strong>linem</strong></span> <span class='ocrx_word' id='word_1_80' title='bbox 780 1589 872 1678; x_wconf 28' lang='lat' dir='ltr'><strong>&#39;illius</strong></span> <span class='ocrx_word' id='word_1_81' title='bbox 899 1589 1145 1667; x_wconf 89' lang='lat' dir='ltr'><strong>consequendum.</strong></span> <span class='ocrx_word' id='word_1_82' title='bbox 1168 1585 1252 1651; x_wconf 87' lang='lat' dir='ltr'><strong>Unde</strong></span> 
     </span>
     <span class='ocr_line' id='line_1_12' title="bbox 80 1675 1251 1767; baseline -0.003 -18"><span class='ocrx_word' id='word_1_83' title='bbox 80 1696 165 1750; x_wconf 88' lang='lat' dir='ltr'><strong>aetas</strong></span> <span class='ocrx_word' id='word_1_84' title='bbox 186 1682 355 1765; x_wconf 80' lang='lat' dir='ltr'><strong>requiritur,</strong></span> <span class='ocrx_word' id='word_1_85' title='bbox 377 1675 453 1767; x_wconf 83' lang='lat' dir='ltr'><strong>quae</strong></span> <span class='ocrx_word' id='word_1_86' title='bbox 475 1687 644 1751; x_wconf 87' lang='lat' dir='ltr'><strong>firmitatem</strong></span> <span class='ocrx_word' id='word_1_87' title='bbox 659 1696 689 1750; x_wconf 91' lang='lat' dir='ltr'><strong>et</strong></span> <span class='ocrx_word' id='word_1_88' title='bbox 703 1688 900 1751; x_wconf 90' lang='lat' dir='ltr'><strong>evolutionem</strong></span> <span class='ocrx_word' id='word_1_89' title='bbox 922 1695 1021 1764; x_wconf 91' lang='lat' dir='ltr'><strong>aptam</strong></span> <span class='ocrx_word' id='word_1_90' title='bbox 1042 1684 1174 1748; x_wconf 88' lang='lat' dir='ltr'><strong>includat</strong></span> <span class='ocrx_word' id='word_1_91' title='bbox 1193 1701 1251 1747; x_wconf 91' lang='lat' dir='ltr'><strong>non</strong></span> 
     </span>
     <span class='ocr_line' id='line_1_13' title="bbox 81 1783 1252 1866; baseline -0.003 -18"><span class='ocrx_word' id='word_1_92' title='bbox 81 1787 170 1850; x_wconf 87' lang='lat' dir='ltr'><strong>morlo</strong></span> <span class='ocrx_word' id='word_1_93' title='bbox 190 1786 330 1864; x_wconf 90' lang='lat' dir='ltr'><strong>corporis,</strong></span> <span class='ocrx_word' id='word_1_94' title='bbox 346 1787 501 1850; x_wconf 88' lang='lat' dir='ltr'><strong>sedetiam</strong></span> <span class='ocrx_word' id='word_1_95' title='bbox 517 1787 633 1850; x_wconf 90' lang='lat' dir='ltr'><strong>mentis.</strong></span> <span class='ocrx_word' id='word_1_96' title='bbox 649 1785 795 1866; x_wconf 85' lang='lat' dir='ltr'><strong>Coniuges</strong></span> <span class='ocrx_word' id='word_1_97' title='bbox 809 1787 887 1849; x_wconf 92' lang='lat' dir='ltr'><strong>enim</strong></span> <span class='ocrx_word' id='word_1_98' title='bbox 902 1801 958 1848; x_wconf 91' lang='lat' dir='ltr'><strong>non</strong></span> <span class='ocrx_word' id='word_1_99' title='bbox 976 1785 1014 1847; x_wconf 88' lang='lat' dir='ltr'><strong>ad</strong></span> <span class='ocrx_word' id='word_1_100' title='bbox 1036 1783 1144 1862; x_wconf 92' lang='lat' dir='ltr'><strong>prolem</strong></span> <span class='ocrx_word' id='word_1_101' title='bbox 1166 1784 1252 1846; x_wconf 91' lang='lat' dir='ltr'><strong>dum·</strong></span> 
     </span>
     <span class='ocr_line' id='line_1_14' title="bbox 81 1881 1251 1962; baseline -0.003 -16"><span class='ocrx_word' id='word_1_102' title='bbox 81 1891 166 1948; x_wconf 88' lang='lat' dir='ltr'><strong>taxat</strong></span> <span class='ocrx_word' id='word_1_103' title='bbox 187 1885 409 1962; x_wconf 87' lang='lat' dir='ltr'><strong>procreandam,</strong></span> <span class='ocrx_word' id='word_1_104' title='bbox 424 1885 474 1948; x_wconf 90' lang='lat' dir='ltr'><strong>sed</strong></span> <span class='ocrx_word' id='word_1_105' title='bbox 494 1886 585 1949; x_wconf 91' lang='lat' dir='ltr'><strong>etiam</strong></span> <span class='ocrx_word' id='word_1_106' title='bbox 606 1885 662 1948; x_wconf 89' lang='lat' dir='ltr'><strong>rite</strong></span> <span class='ocrx_word' id='word_1_107' title='bbox 680 1885 882 1958; x_wconf 80' lang='lat' dir='ltr'><strong>educandam3</strong></span> <span class='ocrx_word' id='word_1_108' title='bbox 897 1891 959 1946; x_wconf 92' lang='lat' dir='ltr'><strong>tum</strong></span> <span class='ocrx_word' id='word_1_109' title='bbox 979 1883 1019 1944; x_wconf 92' lang='lat' dir='ltr'><strong>ad</strong></span> <span class='ocrx_word' id='word_1_110' title='bbox 1040 1889 1176 1944; x_wconf 90' lang='lat' dir='ltr'><strong>mutuum</strong></span> <span class='ocrx_word' id='word_1_111' title='bbox 1194 1881 1251 1944; x_wconf 89' lang='lat' dir='ltr'><strong>sibi</strong></span> 
     </span>
     <span class='ocr_line' id='line_1_15' title="bbox 80 1979 1252 2062; baseline -0.002 -18"><span class='ocrx_word' id='word_1_112' title='bbox 80 1981 213 2044; x_wconf 89' lang='lat' dir='ltr'><strong>levamen</strong></span> <span class='ocrx_word' id='word_1_113' title='bbox 228 1983 419 2058; x_wconf 81' lang='lat' dir='ltr'><strong>aderandam,</strong></span> <span class='ocrx_word' id='word_1_114' title='bbox 430 1990 459 2046; x_wconf 90' lang='lat' dir='ltr'><strong>et</strong></span> <span class='ocrx_word' id='word_1_115' title='bbox 473 1983 603 2058; x_wconf 82' lang='lat' dir='ltr'><strong>donnum,</strong></span> <span class='ocrx_word' id='word_1_116' title='bbox 618 1998 707 2062; x_wconf 91' lang='lat' dir='ltr'><strong>quam</strong></span> <span class='ocrx_word' id='word_1_117' title='bbox 722 1983 871 2057; x_wconf 88' lang='lat' dir='ltr'><strong>inchoant,</strong></span> <span class='ocrx_word' id='word_1_118' title='bbox 884 1983 1031 2060; x_wconf 81' lang='lat' dir='ltr'><strong>sapienter</strong></span> <span class='ocrx_word' id='word_1_119' title='bbox 1044 1979 1252 2044; x_wconf 87' lang='lat' dir='ltr'><strong>administran-</strong></span> 
     </span>
     <span class='ocr_line' id='line_1_16' title="bbox 81 2077 465 2144; baseline 0.008 -5"><span class='ocrx_word' id='word_1_120' title='bbox 81 2077 151 2140; x_wconf 90' lang='lat' dir='ltr'><strong>dam</strong></span> <span class='ocrx_word' id='word_1_121' title='bbox 173 2077 260 2142; x_wconf 90' lang='lat' dir='ltr'><strong>simul</strong></span> <span class='ocrx_word' id='word_1_122' title='bbox 282 2080 465 2144; x_wconf 90' lang='lat' dir='ltr'><strong>conveniunt.</strong></span> 
     </span>
    </p>

    <p class='ocr_par' dir='ltr' id='par_1_6' title="bbox 77 2132 1303 4100">
     <span class='ocr_line' id='line_1_17' title="bbox 126 2132 1303 2276; baseline -0.001 -40"><span class='ocrx_word' id='word_1_123' title='bbox 126 2171 206 2253; x_wconf 85' lang='lat' dir='ltr'><strong>Opus</strong></span> <span class='ocrx_word' id='word_1_124' title='bbox 220 2185 267 2240; x_wconf 90' lang='lat' dir='ltr'><strong>est</strong></span> <span class='ocrx_word' id='word_1_125' title='bbox 280 2177 369 2240; x_wconf 87' lang='lat' dir='ltr'><strong>etiam</strong></span> <span class='ocrx_word' id='word_1_126' title='bbox 385 2184 417 2239; x_wconf 90' lang='lat' dir='ltr'><strong>ut</strong></span> <span class='ocrx_word' id='word_1_127' title='bbox 431 2193 492 2252; x_wconf 87' lang='lat' dir='ltr'><strong>eos,</strong></span> <span class='ocrx_word' id='word_1_128' title='bbox 502 2178 788 2256; x_wconf 89' lang='lat' dir='ltr'><strong>quimatrimonium</strong></span> <span class='ocrx_word' id='word_1_129' title='bbox 802 2179 879 2242; x_wconf 91' lang='lat' dir='ltr'><strong>inter</strong></span> <span class='ocrx_word' id='word_1_130' title='bbox 893 2193 926 2240; x_wconf 86' lang='lat' dir='ltr'><strong>se</strong></span> <span class='ocrx_word' id='word_1_131' title='bbox 939 2177 1013 2240; x_wconf 90' lang='lat' dir='ltr'><strong>inire</strong></span> <span class='ocrx_word' id='word_1_132' title='bbox 1027 2177 1159 2256; x_wconf 89' lang='lat' dir='ltr'><strong>cupiunt,</strong></span> <span class='ocrx_word' id='word_1_133' title='bbox 1170 2132 1303 2276; x_wconf 46' lang='lat' dir='ltr'><strong>suurbi,</strong></span> 
     </span>
     <span class='ocr_line' id='line_1_18' title="bbox 83 2273 1251 2356; baseline -0.003 -20"><span class='ocrx_word' id='word_1_134' title='bbox 83 2273 174 2336; x_wconf 91' lang='lat' dir='ltr'><strong>nimis</strong></span> <span class='ocrx_word' id='word_1_135' title='bbox 194 2282 275 2337; x_wconf 88' lang='lat' dir='ltr'><strong>arcta</strong></span> <span class='ocrx_word' id='word_1_136' title='bbox 296 2276 439 2337; x_wconf 89' lang='lat' dir='ltr'><strong>naturalis</strong></span> <span class='ocrx_word' id='word_1_137' title='bbox 460 2277 625 2340; x_wconf 88' lang='lat' dir='ltr'><strong>coniunctio</strong></span> <span class='ocrx_word' id='word_1_138' title='bbox 646 2277 730 2356; x_wconf 83' lang='lat' dir='ltr'><strong>liget3</strong></span> <span class='ocrx_word' id='word_1_139' title='bbox 745 2292 781 2340; x_wconf 85' lang='lat' dir='ltr'><strong>ex</strong></span> <span class='ocrx_word' id='word_1_140' title='bbox 803 2293 861 2355; x_wconf 92' lang='lat' dir='ltr'><strong>qna</strong></span> <span class='ocrx_word' id='word_1_141' title='bbox 876 2275 1031 2339; x_wconf 85' lang='lat' dir='ltr'><strong>relationes</strong></span> <span class='ocrx_word' id='word_1_142' title='bbox 1051 2283 1081 2338; x_wconf 91' lang='lat' dir='ltr'><strong>et</strong></span> <span class='ocrx_word' id='word_1_143' title='bbox 1095 2274 1191 2337; x_wconf 84' lang='lat' dir='ltr'><strong>officia</strong></span> <span class='ocrx_word' id='word_1_144' title='bbox 1206 2273 1251 2334; x_wconf 91' lang='lat' dir='ltr'><strong>di-</strong></span> 
     </span>
     <span class='ocr_line' id='line_1_19' title="bbox 83 2368 1246 2452; baseline -0.003 -18"><span class='ocrx_word' id='word_1_145' title='bbox 83 2379 211 2447; x_wconf 89' lang='lat' dir='ltr'><strong>maneut,</strong></span> <span class='ocrx_word' id='word_1_146' title='bbox 225 2372 414 2436; x_wconf 84' lang='lat' dir='ltr'><strong>relationibus</strong></span> <span class='ocrx_word' id='word_1_147' title='bbox 428 2379 457 2436; x_wconf 92' lang='lat' dir='ltr'><strong>et</strong></span> <span class='ocrx_word' id='word_1_148' title='bbox 471 2374 577 2437; x_wconf 89' lang='lat' dir='ltr'><strong>oliiciis</strong></span> <span class='ocrx_word' id='word_1_149' title='bbox 592 2376 751 2452; x_wconf 90' lang='lat' dir='ltr'><strong>coniugum</strong></span> <span class='ocrx_word' id='word_1_150' title='bbox 771 2391 828 2438; x_wconf 91' lang='lat' dir='ltr'><strong>non</strong></span> <span class='ocrx_word' id='word_1_151' title='bbox 843 2374 916 2436; x_wconf 86' lang='lat' dir='ltr'><strong>satis</strong></span> <span class='ocrx_word' id='word_1_152' title='bbox 937 2380 1140 2437; x_wconf 88' lang='lat' dir='ltr'><strong>consentanea.</strong></span> <span class='ocrx_word' id='word_1_153' title='bbox 1149 2368 1246 2434; x_wconf 60' lang='lat' dir='ltr'><strong>&#39;Serus</strong></span> 
     </span>
     <span class='ocr_line' id='line_1_20' title="bbox 79 2469 1246 2551; baseline -0.003 -19"><span class='ocrx_word' id='word_1_154' title='bbox 79 2470 159 2532; x_wconf 89' lang='lat' dir='ltr'><strong>enim</strong></span> <span class='ocrx_word' id='word_1_155' title='bbox 173 2470 245 2535; x_wconf 91' lang='lat' dir='ltr'><strong>ordo</strong></span> <span class='ocrx_word' id='word_1_156' title='bbox 256 2478 377 2534; x_wconf 89' lang='lat' dir='ltr'><strong>naturae</strong></span> <span class='ocrx_word' id='word_1_157' title='bbox 390 2472 626 2550; x_wconf 86' lang='lat' dir='ltr'><strong>perturbaretur:</strong></span> <span class='ocrx_word' id='word_1_158' title='bbox 641 2489 658 2534; x_wconf 92' lang='lat' dir='ltr'><strong>a</strong></span> <span class='ocrx_word' id='word_1_159' title='bbox 672 2487 731 2551; x_wconf 94' lang='lat' dir='ltr'><strong>quo</strong></span> <span class='ocrx_word' id='word_1_160' title='bbox 742 2472 894 2536; x_wconf 89' lang='lat' dir='ltr'><strong>discedere</strong></span> <span class='ocrx_word' id='word_1_161' title='bbox 904 2471 1011 2534; x_wconf 91' lang='lat' dir='ltr'><strong>nemini</strong></span> <span class='ocrx_word' id='word_1_162' title='bbox 1026 2485 1154 2549; x_wconf 90' lang='lat' dir='ltr'><strong>unquam</strong></span> <span class='ocrx_word' id='word_1_163' title='bbox 1167 2469 1246 2531; x_wconf 90' lang='lat' dir='ltr'><strong>licet.</strong></span> 
     </span>
     <span class='ocr_line' id='line_1_21' title="bbox 80 2564 1249 2650; baseline -0.001 -20"><span class='ocrx_word' id='word_1_164' title='bbox 80 2564 162 2630; x_wconf 90' lang='lat' dir='ltr'><strong>Hinc</strong></span> <span class='ocrx_word' id='word_1_165' title='bbox 182 2567 245 2630; x_wconf 92' lang='lat' dir='ltr'><strong>iure</strong></span> <span class='ocrx_word' id='word_1_166' title='bbox 265 2575 386 2632; x_wconf 89' lang='lat' dir='ltr'><strong>naturae</strong></span> <span class='ocrx_word' id='word_1_167' title='bbox 407 2567 523 2633; x_wconf 92' lang='lat' dir='ltr'><strong>omnino</strong></span> <span class='ocrx_word' id='word_1_168' title='bbox 545 2577 681 2632; x_wconf 88' lang='lat' dir='ltr'><strong>vetantur</strong></span> <span class='ocrx_word' id='word_1_169' title='bbox 702 2571 820 2647; x_wconf 88' lang='lat' dir='ltr'><strong>nuptiae</strong></span> <span class='ocrx_word' id='word_1_170' title='bbox 840 2569 915 2647; x_wconf 86' lang='lat' dir='ltr'><strong>inter</strong></span> <span class='ocrx_word' id='word_1_171' title='bbox 936 2576 1069 2650; x_wconf 74' lang='lat' dir='ltr'><strong>parentes</strong></span> <span class='ocrx_word' id='word_1_172' title='bbox 1083 2567 1249 2644; x_wconf 62' lang='lat' dir='ltr'><strong>etliberpm</strong></span> 
     </span>
     <span class='ocr_line' id='line_1_22' title="bbox 81 2665 1250 2757; baseline -0.001 -29"><span class='ocrx_word' id='word_1_173' title='bbox 81 2665 180 2728; x_wconf 88' lang='lat' dir='ltr'><strong>officia</strong></span> <span class='ocrx_word' id='word_1_174' title='bbox 202 2666 278 2728; x_wconf 87' lang='lat' dir='ltr'><strong>enirn</strong></span> <span class='ocrx_word' id='word_1_175' title='bbox 300 2669 479 2731; x_wconf 87' lang='lat' dir='ltr'><strong>reverentiae</strong></span> <span class='ocrx_word' id='word_1_176' title='bbox 502 2675 532 2730; x_wconf 93' lang='lat' dir='ltr'><strong>et</strong></span> <span class='ocrx_word' id='word_1_177' title='bbox 557 2668 755 2757; x_wconf 80' lang='lat' dir='ltr'><strong>subiectionis,</strong></span> <span class='ocrx_word' id='word_1_178' title='bbox 776 2683 852 2745; x_wconf 90' lang='lat' dir='ltr'><strong>quae</strong></span> <span class='ocrx_word' id='word_1_179' title='bbox 879 2667 987 2730; x_wconf 89' lang='lat' dir='ltr'><strong>liberos</strong></span> <span class='ocrx_word' id='word_1_180' title='bbox 1014 2682 1085 2744; x_wconf 88' lang='lat' dir='ltr'><strong>erga</strong></span> <span class='ocrx_word' id='word_1_181' title='bbox 1113 2675 1250 2744; x_wconf 85' lang='lat' dir='ltr'><strong>parentes</strong></span> 
     </span>
     <span class='ocr_line' id='line_1_23' title="bbox 81 2763 1249 2844; baseline 0 -18"><span class='ocrx_word' id='word_1_182' title='bbox 81 2763 279 2842; x_wconf 89' lang='lat' dir='ltr'><strong>obstringunt,</strong></span> <span class='ocrx_word' id='word_1_183' title='bbox 300 2765 490 2828; x_wconf 88' lang='lat' dir='ltr'><strong>relationibus</strong></span> <span class='ocrx_word' id='word_1_184' title='bbox 510 2765 697 2844; x_wconf 84' lang='lat' dir='ltr'><strong>aequalitatis</strong></span> <span class='ocrx_word' id='word_1_185' title='bbox 718 2782 753 2829; x_wconf 93' lang='lat' dir='ltr'><strong>ac</strong></span> <span class='ocrx_word' id='word_1_186' title='bbox 774 2765 870 2827; x_wconf 93' lang='lat' dir='ltr'><strong>mutui</strong></span> <span class='ocrx_word' id='word_1_187' title='bbox 892 2763 1012 2829; x_wconf 93' lang='lat' dir='ltr'><strong>dominii</strong></span> <span class='ocrx_word' id='word_1_188' title='bbox 1033 2763 1249 2838; x_wconf 87' lang='lat' dir='ltr'><strong>contradicunt,</strong></span> 
     </span>
     <span class='ocr_line' id='line_1_24' title="bbox 78 2861 1250 2942; baseline 0.001 -20"><span class='ocrx_word' id='word_1_189' title='bbox 78 2876 156 2939; x_wconf 88' lang='lat' dir='ltr'><strong>qnae</strong></span> <span class='ocrx_word' id='word_1_190' title='bbox 171 2861 247 2926; x_wconf 87' lang='lat' dir='ltr'><strong>inter</strong></span> <span class='ocrx_word' id='word_1_191' title='bbox 261 2863 398 2942; x_wconf 88' lang='lat' dir='ltr'><strong>coniuges</strong></span> <span class='ocrx_word' id='word_1_192' title='bbox 413 2863 512 2942; x_wconf 87' lang='lat' dir='ltr'><strong>vigere</strong></span> <span class='ocrx_word' id='word_1_193' title='bbox 530 2864 644 2926; x_wconf 88' lang='lat' dir='ltr'><strong>debent.</strong></span> <span class='ocrx_word' id='word_1_194' title='bbox 661 2861 761 2936; x_wconf 81' lang='lat' dir='ltr'><strong>Quoad</strong></span> <span class='ocrx_word' id='word_1_195' title='bbox 784 2871 898 2926; x_wconf 90' lang='lat' dir='ltr'><strong>ceteros</strong></span> <span class='ocrx_word' id='word_1_196' title='bbox 913 2878 984 2924; x_wconf 90' lang='lat' dir='ltr'><strong>vero</strong></span> <span class='ocrx_word' id='word_1_197' title='bbox 998 2861 1109 2940; x_wconf 89' lang='lat' dir='ltr'><strong>gradus</strong></span> <span class='ocrx_word' id='word_1_198' title='bbox 1130 2877 1250 2925; x_wconf 90' lang='lat' dir='ltr'><strong>consan-</strong></span> 
     </span>
     <span class='ocr_line' id='line_1_25' title="bbox 79 2959 1270 3050; baseline 0.003 -31"><span class='ocrx_word' id='word_1_199' title='bbox 79 2959 236 3037; x_wconf 88' lang='lat' dir='ltr'><strong>guinitatis</strong></span> <span class='ocrx_word' id='word_1_200' title='bbox 257 2967 308 3021; x_wconf 92' lang='lat' dir='ltr'><strong>aut</strong></span> <span class='ocrx_word' id='word_1_201' title='bbox 323 2961 485 3035; x_wconf 83' lang='lat' dir='ltr'><strong>affinitatis,</strong></span> <span class='ocrx_word' id='word_1_202' title='bbox 498 2961 554 3022; x_wconf 91' lang='lat' dir='ltr'><strong>etsi</strong></span> <span class='ocrx_word' id='word_1_203' title='bbox 576 2961 659 3025; x_wconf 91' lang='lat' dir='ltr'><strong>initio</strong></span> <span class='ocrx_word' id='word_1_204' title='bbox 680 2962 796 3042; x_wconf 82' lang='lat' dir='ltr'><strong>generis</strong></span> <span class='ocrx_word' id='word_1_205' title='bbox 814 2959 946 3033; x_wconf 88' lang='lat' dir='ltr'><strong>humani,</strong></span> <span class='ocrx_word' id='word_1_206' title='bbox 961 2959 1122 3022; x_wconf 88' lang='lat' dir='ltr'><strong>necessitas</strong></span> <span class='ocrx_word' id='word_1_207' title='bbox 1146 2975 1270 3050; x_wconf 15' lang='lat' dir='ltr'><strong>propa-⁵·</strong></span> 
     </span>
     <span class='ocr_line' id='line_1_26' title="bbox 80 3047 1259 3136; baseline 0.002 -19"><span class='ocrx_word' id='word_1_208' title='bbox 80 3057 170 3135; x_wconf 90' lang='lat' dir='ltr'><strong>gandi</strong></span> <span class='ocrx_word' id='word_1_209' title='bbox 192 3057 320 3134; x_wconf 87' lang='lat' dir='ltr'><strong>speciem</strong></span> <span class='ocrx_word' id='word_1_210' title='bbox 346 3059 465 3136; x_wconf 88' lang='lat' dir='ltr'><strong>nuptias</strong></span> <span class='ocrx_word' id='word_1_211' title='bbox 493 3059 568 3121; x_wconf 91' lang='lat' dir='ltr'><strong>inter</strong></span> <span class='ocrx_word' id='word_1_212' title='bbox 596 3073 646 3122; x_wconf 89' lang='lat' dir='ltr'><strong>eos</strong></span> <span class='ocrx_word' id='word_1_213' title='bbox 674 3059 766 3121; x_wconf 92' lang='lat' dir='ltr'><strong>ordini</strong></span> <span class='ocrx_word' id='word_1_214' title='bbox 797 3074 853 3122; x_wconf 94' lang='lat' dir='ltr'><strong>non</strong></span> <span class='ocrx_word' id='word_1_215' title='bbox 881 3066 1078 3136; x_wconf 81' lang='lat' dir='ltr'><strong>repugnantes</strong></span> <span class='ocrx_word' id='word_1_216' title='bbox 1105 3047 1259 3130; x_wconf 57' lang='lat' dir='ltr'><strong>effecerit}</strong></span> 
     </span>
     <span class='ocr_line' id='line_1_27' title="bbox 79 3155 1250 3234; baseline 0 -19"><span class='ocrx_word' id='word_1_217' title='bbox 79 3163 189 3230; x_wconf 88' lang='lat' dir='ltr'><strong>tamen,</strong></span> <span class='ocrx_word' id='word_1_218' title='bbox 204 3156 262 3218; x_wconf 89' lang='lat' dir='ltr'><strong>hac</strong></span> <span class='ocrx_word' id='word_1_219' title='bbox 282 3155 418 3234; x_wconf 83' lang='lat' dir='ltr'><strong>deinceps</strong></span> <span class='ocrx_word' id='word_1_220' title='bbox 439 3165 586 3220; x_wconf 90' lang='lat' dir='ltr'><strong>summota</strong></span> <span class='ocrx_word' id='word_1_221' title='bbox 608 3157 791 3230; x_wconf 89' lang='lat' dir='ltr'><strong>necessitate,</strong></span> <span class='ocrx_word' id='word_1_222' title='bbox 813 3157 993 3220; x_wconf 88' lang='lat' dir='ltr'><strong>contrarium</strong></span> <span class='ocrx_word' id='word_1_223' title='bbox 1014 3155 1131 3219; x_wconf 91' lang='lat' dir='ltr'><strong>omnino</strong></span> <span class='ocrx_word' id='word_1_224' title='bbox 1152 3155 1250 3217; x_wconf 89' lang='lat' dir='ltr'><strong>dicon·</strong></span> 
     </span>
     <span class='ocr_line' id='line_1_28' title="bbox 80 3247 1249 3332; baseline 0.001 -19"><span class='ocrx_word' id='word_1_225' title='bbox 80 3251 151 3313; x_wconf 91' lang='lat' dir='ltr'><strong>dum</strong></span> <span class='ocrx_word' id='word_1_226' title='bbox 166 3258 221 3314; x_wconf 90' lang='lat' dir='ltr'><strong>est.</strong></span> <span class='ocrx_word' id='word_1_227' title='bbox 237 3247 300 3325; x_wconf 88' lang='lat' dir='ltr'><strong>Qua</strong></span> <span class='ocrx_word' id='word_1_228' title='bbox 314 3253 343 3314; x_wconf 90' lang='lat' dir='ltr'><strong>in</strong></span> <span class='ocrx_word' id='word_1_229' title='bbox 359 3267 390 3314; x_wconf 92' lang='lat' dir='ltr'><strong>re</strong></span> <span class='ocrx_word' id='word_1_230' title='bbox 405 3251 518 3330; x_wconf 85' lang='lat' dir='ltr'><strong>prolixa</strong></span> <span class='ocrx_word' id='word_1_231' title='bbox 539 3254 627 3316; x_wconf 91' lang='lat' dir='ltr'><strong>nimis</strong></span> <span class='ocrx_word' id='word_1_232' title='bbox 649 3270 701 3318; x_wconf 88' lang='lat' dir='ltr'><strong>neo</strong></span> <span class='ocrx_word' id='word_1_233' title='bbox 717 3269 834 3332; x_wconf 88' lang='lat' dir='ltr'><strong>semper</strong></span> <span class='ocrx_word' id='word_1_234' title='bbox 851 3254 947 3317; x_wconf 82' lang='lat' dir='ltr'><strong>facilis</strong></span> <span class='ocrx_word' id='word_1_235' title='bbox 961 3262 1042 3317; x_wconf 90' lang='lat' dir='ltr'><strong>esset</strong></span> <span class='ocrx_word' id='word_1_236' title='bbox 1062 3253 1249 3328; x_wconf 84' lang='lat' dir='ltr'><strong>disceptatio,</strong></span> 
     </span>
     <span class='ocr_line' id='line_1_29' title="bbox 81 3349 1248 3434; baseline -0.002 -22"><span class='ocrx_word' id='word_1_237' title='bbox 81 3351 108 3411; x_wconf 90' lang='lat' dir='ltr'><strong>si</strong></span> <span class='ocrx_word' id='word_1_238' title='bbox 129 3349 166 3413; x_wconf 90' lang='lat' dir='ltr'><strong>de</strong></span> <span class='ocrx_word' id='word_1_239' title='bbox 186 3351 323 3413; x_wconf 89' lang='lat' dir='ltr'><strong>omnibus</strong></span> <span class='ocrx_word' id='word_1_240' title='bbox 343 3351 515 3430; x_wconf 83' lang='lat' dir='ltr'><strong>singillatim</strong></span> <span class='ocrx_word' id='word_1_241' title='bbox 536 3352 680 3416; x_wconf 88' lang='lat' dir='ltr'><strong>disserere</strong></span> <span class='ocrx_word' id='word_1_242' title='bbox 702 3352 850 3434; x_wconf 84' lang='lat' dir='ltr'><strong>vellemus,</strong></span> <span class='ocrx_word' id='word_1_243' title='bbox 871 3352 951 3431; x_wconf 90' lang='lat' dir='ltr'><strong>quod</strong></span> <span class='ocrx_word' id='word_1_244' title='bbox 976 3369 1030 3415; x_wconf 91' lang='lat' dir='ltr'><strong>nos</strong></span> <span class='ocrx_word' id='word_1_245' title='bbox 1054 3369 1070 3412; x_wconf 91' lang='lat' dir='ltr'><strong>a</strong></span> <span class='ocrx_word' id='word_1_246' title='bbox 1096 3351 1248 3422; x_wconf 87' lang='lat' dir='ltr'><strong>brevitate,</strong></span> 
     </span>
     <span class='ocr_line' id='line_1_30' title="bbox 80 3446 1247 3528; baseline 0.001 -21"><span class='ocrx_word' id='word_1_247' title='bbox 80 3462 171 3525; x_wconf 91' lang='lat' dir='ltr'><strong>quam</strong></span> <span class='ocrx_word' id='word_1_248' title='bbox 186 3449 348 3526; x_wconf 85' lang='lat' dir='ltr'><strong>sequimur,</strong></span> <span class='ocrx_word' id='word_1_249' title='bbox 362 3448 446 3528; x_wconf 89' lang='lat' dir='ltr'><strong>longe</strong></span> <span class='ocrx_word' id='word_1_250' title='bbox 460 3449 627 3513; x_wconf 87' lang='lat' dir='ltr'><strong>abduceret.</strong></span> <span class='ocrx_word' id='word_1_251' title='bbox 643 3446 787 3523; x_wconf 84' lang='lat' dir='ltr'><strong>Quocirca</strong></span> <span class='ocrx_word' id='word_1_252' title='bbox 803 3453 975 3528; x_wconf 83' lang='lat' dir='ltr'><strong>generatim,</strong></span> <span class='ocrx_word' id='word_1_253' title='bbox 988 3449 1074 3528; x_wconf 91' lang='lat' dir='ltr'><strong>quasi</strong></span> <span class='ocrx_word' id='word_1_254' title='bbox 1096 3464 1147 3525; x_wconf 90' lang='lat' dir='ltr'><strong>per</strong></span> <span class='ocrx_word' id='word_1_255' title='bbox 1169 3456 1247 3509; x_wconf 87' lang='lat' dir='ltr'><strong>tran·</strong></span> 
     </span>
     <span class='ocr_line' id='line_1_31' title="bbox 81 3545 1248 3627; baseline -0.001 -21"><span class='ocrx_word' id='word_1_256' title='bbox 81 3559 212 3618; x_wconf 90' lang='lat' dir='ltr'><strong>sennam,</strong></span> <span class='ocrx_word' id='word_1_257' title='bbox 226 3545 385 3620; x_wconf 89' lang='lat' dir='ltr'><strong>innuimus,</strong></span> <span class='ocrx_word' id='word_1_258' title='bbox 398 3547 542 3610; x_wconf 89' lang='lat' dir='ltr'><strong>eiusmodi</strong></span> <span class='ocrx_word' id='word_1_259' title='bbox 557 3548 676 3626; x_wconf 85' lang='lat' dir='ltr'><strong>gradus,</strong></span> <span class='ocrx_word' id='word_1_260' title='bbox 693 3551 719 3611; x_wconf 92' lang='lat' dir='ltr'><strong>si</strong></span> <span class='ocrx_word' id='word_1_261' title='bbox 734 3549 818 3612; x_wconf 89' lang='lat' dir='ltr'><strong>valde</strong></span> <span class='ocrx_word' id='word_1_262' title='bbox 833 3549 959 3627; x_wconf 88' lang='lat' dir='ltr'><strong>proximi</strong></span> <span class='ocrx_word' id='word_1_263' title='bbox 973 3549 1033 3609; x_wconf 90' lang='lat' dir='ltr'><strong>sint</strong></span> <span class='ocrx_word' id='word_1_264' title='bbox 1046 3557 1076 3610; x_wconf 90' lang='lat' dir='ltr'><strong>et</strong></span> <span class='ocrx_word' id='word_1_265' title='bbox 1091 3545 1248 3609; x_wconf 90' lang='lat' dir='ltr'><strong>relationes</strong></span> 
     </span>
     <span class='ocr_line' id='line_1_32' title="bbox 79 3643 1249 3726; baseline 0 -22"><span class='ocrx_word' id='word_1_266' title='bbox 79 3644 201 3723; x_wconf 81' lang='lat' dir='ltr'><strong>gignant</strong></span> <span class='ocrx_word' id='word_1_267' title='bbox 228 3643 419 3708; x_wconf 86' lang='lat' dir='ltr'><strong>relationibus</strong></span> <span class='ocrx_word' id='word_1_268' title='bbox 447 3647 558 3710; x_wconf 90' lang='lat' dir='ltr'><strong>mutuis</strong></span> <span class='ocrx_word' id='word_1_269' title='bbox 587 3647 744 3726; x_wconf 90' lang='lat' dir='ltr'><strong>coniugum</strong></span> <span class='ocrx_word' id='word_1_270' title='bbox 774 3647 1008 3710; x_wconf 88' lang='lat' dir='ltr'><strong>contradicentes</strong></span> <span class='ocrx_word' id='word_1_271' title='bbox 1034 3645 1161 3718; x_wconf 92' lang='lat' dir='ltr'><strong>omnino,</strong></span> <span class='ocrx_word' id='word_1_272' title='bbox 1185 3643 1249 3705; x_wconf 92' lang='lat' dir='ltr'><strong>iure</strong></span> 
     </span>
     <span class='ocr_line' id='line_1_33' title="bbox 78 3742 1249 3830; baseline -0.002 -26"><span class='ocrx_word' id='word_1_273' title='bbox 78 3749 201 3804; x_wconf 88' lang='lat' dir='ltr'><strong>naturae</strong></span> <span class='ocrx_word' id='word_1_274' title='bbox 216 3742 322 3804; x_wconf 91' lang='lat' dir='ltr'><strong>vetitas</strong></span> <span class='ocrx_word' id='word_1_275' title='bbox 336 3742 458 3806; x_wconf 90' lang='lat' dir='ltr'><strong>reddere</strong></span> <span class='ocrx_word' id='word_1_276' title='bbox 477 3745 610 3821; x_wconf 87' lang='lat' dir='ltr'><strong>nuptias;</strong></span> <span class='ocrx_word' id='word_1_277' title='bbox 625 3746 783 3808; x_wconf 85' lang='lat' dir='ltr'><strong>sinautem</strong></span> <span class='ocrx_word' id='word_1_278' title='bbox 799 3744 990 3830; x_wconf 90' lang='lat' dir='ltr'><strong>relationibus</strong></span> <span class='ocrx_word' id='word_1_279' title='bbox 1003 3743 1040 3805; x_wconf 88' lang='lat' dir='ltr'><strong>iis</strong></span> <span class='ocrx_word' id='word_1_280' title='bbox 1055 3759 1111 3805; x_wconf 93' lang='lat' dir='ltr'><strong>non</strong></span> <span class='ocrx_word' id='word_1_281' title='bbox 1126 3757 1249 3819; x_wconf 89' lang='lat' dir='ltr'><strong>prorsus</strong></span> 
     </span>
     <span class='ocr_line' id='line_1_34' title="bbox 78 3839 1248 3921; baseline -0.003 -17"><span class='ocrx_word' id='word_1_282' title='bbox 78 3847 273 3918; x_wconf 90' lang='lat' dir='ltr'><strong>opponantur,</strong></span> <span class='ocrx_word' id='word_1_283' title='bbox 288 3855 344 3905; x_wconf 91' lang='lat' dir='ltr'><strong>nou</strong></span> <span class='ocrx_word' id='word_1_284' title='bbox 366 3841 440 3904; x_wconf 89' lang='lat' dir='ltr'><strong>satis</strong></span> <span class='ocrx_word' id='word_1_285' title='bbox 460 3843 606 3905; x_wconf 81' lang='lat' dir='ltr'><strong>conforme</strong></span> <span class='ocrx_word' id='word_1_286' title='bbox 628 3843 733 3905; x_wconf 88' lang='lat' dir='ltr'><strong>rationi</strong></span> <span class='ocrx_word' id='word_1_287' title='bbox 754 3842 923 3921; x_wconf 91' lang='lat' dir='ltr'><strong>coniugium</strong></span> <span class='ocrx_word' id='word_1_288' title='bbox 940 3841 1065 3918; x_wconf 87' lang='lat' dir='ltr'><strong>efficere,</strong></span> <span class='ocrx_word' id='word_1_289' title='bbox 1079 3847 1110 3901; x_wconf 90' lang='lat' dir='ltr'><strong>et</strong></span> <span class='ocrx_word' id='word_1_290' title='bbox 1128 3839 1160 3900; x_wconf 93' lang='lat' dir='ltr'><strong>in</strong></span> <span class='ocrx_word' id='word_1_291' title='bbox 1180 3854 1248 3916; x_wconf 88' lang='lat' dir='ltr'><strong>par·</strong></span> 
     </span>
     <span class='ocr_line' id='line_1_35' title="bbox 77 3937 1247 4017; baseline -0.001 -18"><span class='ocrx_word' id='word_1_292' title='bbox 77 3938 197 4002; x_wconf 90' lang='lat' dir='ltr'><strong>ticalari</strong></span> <span class='ocrx_word' id='word_1_293' title='bbox 218 3937 397 4002; x_wconf 88' lang='lat' dir='ltr'><strong>deliniendos</strong></span> <span class='ocrx_word' id='word_1_294' title='bbox 415 3955 479 4003; x_wconf 88' lang='lat' dir='ltr'><strong>esse</strong></span> <span class='ocrx_word' id='word_1_295' title='bbox 499 3941 537 4002; x_wconf 93' lang='lat' dir='ltr'><strong>ab</strong></span> <span class='ocrx_word' id='word_1_296' title='bbox 557 3939 609 4002; x_wconf 91' lang='lat' dir='ltr'><strong>illa</strong></span> <span class='ocrx_word' id='word_1_297' title='bbox 631 3941 817 4014; x_wconf 88' lang='lat' dir='ltr'><strong>auctoritate,</strong></span> <span class='ocrx_word' id='word_1_298' title='bbox 833 3940 879 4003; x_wconf 89' lang='lat' dir='ltr'><strong>cui</strong></span> <span class='ocrx_word' id='word_1_299' title='bbox 901 3954 954 4017; x_wconf 91' lang='lat' dir='ltr'><strong>per</strong></span> <span class='ocrx_word' id='word_1_300' title='bbox 974 3955 1006 4001; x_wconf 90' lang='lat' dir='ltr'><strong>se</strong></span> <span class='ocrx_word' id='word_1_301' title='bbox 1027 3937 1247 4000; x_wconf 86' lang='lat' dir='ltr'><strong>matrimonium</strong></span> 
     </span>
     <span class='ocr_line' id='line_1_36' title="bbox 77 4035 484 4100; baseline 0.002 -3"><span class='ocrx_word' id='word_1_302' title='bbox 77 4035 186 4100; x_wconf 90' lang='lat' dir='ltr'><strong>subiici</strong></span> <span class='ocrx_word' id='word_1_303' title='bbox 207 4035 484 4099; x_wconf 86' lang='lat' dir='ltr'><strong>demonstrabimus.</strong></span> 
     </span>
    </p>

    <p class='ocr_par' dir='ltr' id='par_1_7' title="bbox 78 4106 1297 4310">
     <span class='ocr_line' id='line_1_37' title="bbox 116 4106 1297 4214; baseline -0.001 -18"><span class='ocrx_word' id='word_1_304' title='bbox 116 4123 326 4198; x_wconf 84' lang='lat' dir='ltr'><strong>Necessarium</strong></span> <span class='ocrx_word' id='word_1_305' title='bbox 341 4150 456 4214; x_wconf 92' lang='lat' dir='ltr'><strong>quoque</strong></span> <span class='ocrx_word' id='word_1_306' title='bbox 471 4142 516 4196; x_wconf 90' lang='lat' dir='ltr'><strong>est</strong></span> <span class='ocrx_word' id='word_1_307' title='bbox 528 4145 570 4208; x_wconf 91' lang='lat' dir='ltr'><strong>ut,</strong></span> <span class='ocrx_word' id='word_1_308' title='bbox 581 4135 631 4213; x_wconf 93' lang='lat' dir='ltr'><strong>qui</strong></span> <span class='ocrx_word' id='word_1_309' title='bbox 646 4133 833 4198; x_wconf 88' lang='lat' dir='ltr'><strong>matrimonio</strong></span> <span class='ocrx_word' id='word_1_310' title='bbox 844 4134 1028 4211; x_wconf 88' lang='lat' dir='ltr'><strong>copulantur,</strong></span> <span class='ocrx_word' id='word_1_311' title='bbox 1040 4133 1129 4196; x_wconf 90' lang='lat' dir='ltr'><strong>nimia</strong></span> <span class='ocrx_word' id='word_1_312' title='bbox 1141 4134 1247 4198; x_wconf 89' lang='lat' dir='ltr'><strong>aetatis</strong></span> <span class='ocrx_word' id='word_1_313' title='bbox 1258 4106 1297 4170; x_wconf 41' lang='grc' dir='ltr'>ὃ</span> 
     </span>
     <span class='ocr_line' id='line_1_38' title="bbox 78 4231 1245 4310; baseline 0.001 -17"><span class='ocrx_word' id='word_1_314' title='bbox 78 4231 243 4298; x_wconf 82' lang='lat' dir='ltr'><strong>differentia</strong></span> <span class='ocrx_word' id='word_1_315' title='bbox 267 4248 322 4296; x_wconf 93' lang='lat' dir='ltr'><strong>non</strong></span> <span class='ocrx_word' id='word_1_316' title='bbox 343 4233 511 4310; x_wconf 88' lang='lat' dir='ltr'><strong>discrepent</strong></span> <span class='ocrx_word' id='word_1_317' title='bbox 531 4233 607 4296; x_wconf 88' lang='lat' dir='ltr'><strong>inter</strong></span> <span class='ocrx_word' id='word_1_318' title='bbox 628 4249 668 4298; x_wconf 91' lang='lat' dir='ltr'><strong>se.</strong></span> <span class='ocrx_word' id='word_1_319' title='bbox 690 4231 750 4298; x_wconf 87' lang='lat' dir='ltr'><strong>Vix</strong></span> <span class='ocrx_word' id='word_1_320' title='bbox 776 4233 858 4307; x_wconf 86' lang='lat' dir='ltr'><strong>euim¹</strong></span> <span class='ocrx_word' id='word_1_321' title='bbox 876 4233 1016 4298; x_wconf 90' lang='lat' dir='ltr'><strong>credibile</strong></span> <span class='ocrx_word' id='word_1_322' title='bbox 1037 4243 1082 4298; x_wconf 91' lang='lat' dir='ltr'><strong>est</strong></span> <span class='ocrx_word' id='word_1_323' title='bbox 1111 4241 1245 4297; x_wconf 91' lang='lat' dir='ltr'><strong>mutuum</strong></span> 
     </span>
    </p>
   </div>
   <div class='ocr_carea' id='block_1_6' title="bbox 0 0 1584 4934">
    <p class='ocr_par' dir='ltr' id='par_1_8' title="bbox 0 0 1584 4934">
     <span class='ocr_line' id='line_1_39' title="bbox 0 0 1584 4934; baseline 0 0"><span class='ocrx_word' id='word_1_324' title='bbox 0 0 1584 4934; x_wconf 95' lang='lat' dir='ltr'><strong> </strong></span> 
     </span>
    </p>
   </div>
  </div>
 </body>
</html>
