3159 4934
242 325 329 371 curba
346 327 371 368 ll.
390 329 424 370 bu
442 327 604 370 obauditoris
623 327 731 372 munuum
750 326 837 370 PROUT
855 328 1005 371 onomaton
1023 329 1052 368 IN
1069 328 1147 372 Filium
1245 287 1281 373 73v

56 519 67 536 .
107 439 217 502 euliari
238 456 290 503 suo
312 440 425 503 obiecto
445 442 530 504 unice
550 443 719 520 affiguntur.
742 439 825 506 Unde
846 442 934 504 etiam
957 443 987 504 iu
1007 458 1060 504 suo
1082 451 1162 506 motu
1185 443 1279 506 limite

105 546 222 612 carent,
242 539 430 616 potissimum
451 540 480 602 in
501 541 634 612 homiue3
655 541 685 602 in
706 556 773 620 quo,
795 550 914 620 propter
943 541 1087 603 influnum
1118 543 1213 620 partis
1237 542 1280 604 iu·

107 635 285 716 tollentinas,
307 637 453 699 obiectum
476 638 644 715 passionum
667 638 847 700 indefinitam
870 639 1029 716 quamdam
1055 639 1278 716 amplitudinem

106 742 139 796 et
161 735 345 798 durationem
367 735 470 798 induit.
491 734 598 810 Quare,
612 737 637 798 si
652 735 743 798 libera
758 737 818 798 illis
833 737 931 799 iraeua
946 736 1094 811 laurentum
1113 752 1170 799 non
1185 737 1279 799 solum

111 832 197 907 ordo,
218 834 269 910 qui
291 833 399 896 bouum
420 841 465 898 est
485 833 602 908 mentis,
623 836 739 897 omnino
760 835 881 908 corruit,
903 835 954 896 sed
975 835 1040 913 ipsa
1062 835 1197 897 animalis
1218 835 1279 896 vita

114 932 333 1007 pessumdatur.
348 929 431 1006 Quod
447 932 519 994 adeo
533 947 635 994 333333
656 940 710 1005 est,
725 940 757 994 ut
778 933 887 1006 brutis,
900 944 977 1010 quae
991 934 1028 994 ob
1042 933 1164 994 rationis
1179 949 1281 994 careu-

110 1029 190 1090 tiam·
209 1029 358 1106 passiones
379 1030 512 1092 ordinare
534 1030 650 1108 propria
673 1033 782 1094 virtute
802 1046 859 1092 uon
881 1036 1013 1107 possunt,
1028 1039 1131 1093 natura
1153 1031 1280 1108 providit

109 1129 263 1202 instinctu,
283 1128 334 1206 qui
355 1144 406 1190 eas
426 1128 520 1190 limite
541 1129 638 1207 aliquo
660 1129 756 1206 quoad
779 1137 896 1205 tempus
917 1128 1081 1190 durationis
1101 1135 1131 1190 et
1161 1128 1280 1190 modum

116 1226 251 1287 exercitii
274 1226 396 1305 physice
417 1227 622 1305 adstringeret.
638 1225 679 1290 At
701 1229 788 1290 bomo
809 1227 907 1289 divina
929 1225 1142 1298 lacerationis,
1157 1240 1214 1302 qua
1229 1225 1282 1288 do·

110 1330 214 1397 natur,
229 1325 337 1402 optime
353 1333 450 1402 potest
463 1333 603 1402 concepto
616 1325 723 1389 ordine
745 1327 894 1402 passiones
908 1324 1035 1401 dirigere
1055 1332 1086 1385 et
1107 1332 1280 1400 temperare,

109 1429 178 1482 tum
199 1430 335 1498 respectu
357 1423 473 1495 obiecti,
494 1423 572 1485 circa
593 1423 672 1500 qnod
698 1429 861 1494 versantur,
885 1431 947 1484 tum
973 1430 1110 1499 respectu
1136 1423 1225 1500 modi,
1246 1436 1282 1483 ue

109 1519 246 1582 debitam
268 1536 433 1582 mensuram
455 1520 605 1583 excedant.
628 1518 711 1594 Quod
733 1521 807 1581 siin
830 1519 887 1581 boe
908 1535 1004 1598 pugna
1025 1535 1112 1595 saepo
1132 1534 1189 1580 non
1208 1518 1282 1580 levis

113 1618 287 1679 sustinenda
310 1626 372 1691 est;
394 1620 496 1696 procul
519 1619 607 1682 dubio
621 1619 670 1681 hic
691 1620 755 1696 ipse
770 1619 925 1680 conflictus
945 1617 976 1678 in
997 1632 1135 1694 magnum
1154 1615 1281 1679 bominis

105 1715 341 1778 emolumentum
354 1717 508 1779 redundat.
525 1715 638 1778 Exinde
652 1718 728 1778 enim
745 1716 930 1792 potissimum
946 1716 1081 1793 exsurgit
1095 1713 1145 1775 illa
1160 1713 1280 1777 virtutis

109 1813 270 1892 palaestrac
291 1830 367 1891 quae
389 1814 499 1878 homini
520 1815 550 1877 in
571 1816 628 1878 333
655 1814 713 1876 vita
743 1813 780 1875 ad
807 1813 978 1875 merendam
1009 1811 1155 1890 proposita
1176 1818 1224 1872 est
1251 1818 1281 1871 et

108 1913 336 1976 destinationem
358 1913 421 1975 eins
441 1914 470 1975 in
493 1914 635 1990 praesenti
658 1912 821 1974 coustituit.
845 1907 999 1972 Passiones
1020 1910 1112 1988 igitur
1126 1924 1179 1986 pro
1192 1908 1281 1971 liber·

109 2015 185 2076 tatis
204 2031 261 2075 usa
282 2014 320 2075 ad
337 2015 442 2076 bonum
464 2020 493 2074 et
514 2011 623 2074 malam
640 2013 768 2090 torqueri
787 2018 920 2088 possunt,
933 2019 964 2072 et
985 2009 1094 2072 bomini
1111 2008 1197 2070 datae
1212 2015 1281 2069 snut

108 2121 263 2192 tamquam
290 2111 482 2174 domitoribus
509 2110 587 2188 equi,
608 2117 642 2171 ut
669 2110 754 2188 quasi
782 2109 811 2170 in
840 2124 945 2186 gyrum
975 2108 1081 2170 ductae
1109 2105 1281 2169 edomentur

108 2219 203 2288 atque
224 2210 344 2272 rationis
366 2209 490 2286 imperio
511 2208 712 2270 subiiciautur.

493 2437 667 2520 Solvuntur
687 2437 898 2518 difficultates.

151 2600 201 2665 73.
229 2599 320 2666 Otito.
342 2601 364 2665 Ι.
387 2600 500 2664 Tullius
521 2601 554 2662 e‘rr
577 2599 667 2662 333333
689 2598 767 2661 libro
790 2597 1045 2660 Tusculanorum
1063 2593 1280 2674 qaaestionem

109 2701 268 2780 passiones
289 2699 418 2779 appellat
439 2699 528 2762 animi
551 2700 679 2761 morbos.
708 2697 764 2760 Sed
793 2697 915 2759 morbos
943 2695 1033 2757 animi
1056 2701 1104 2756 est
1131 2693 1281 2756 moraliter

10 2785 11 2790 ἵ
107 2799 219 2862 malus.
241 2797 320 2876 Ergo
343 2799 491 2876 passiones
514 2814 565 2876 per
588 2813 619 2858 se
640 2798 786 2873 inspectae
808 2803 876 2856 suut
893 2794 997 2855 malae.

152 2897 192 2961 R.
214 2896 248 2960 ld
269 2895 384 2960 Tullius
405 2897 509 2959 asserit
530 2913 565 2960 eu
587 2895 720 2972 opinione
742 2890 923 2964 Stoicorum3
943 2907 1019 2969 quae
1047 2907 1064 2950 a
1092 2890 1215 2952 veritate
1236 2888 1281 2949 di·

110 2996 218 3060 scedit.
241 2993 376 3058 Ceterum
399 2995 550 3073 passiones
568 2993 626 3056 diei
648 2982 771 3070 possunt
794 2989 888 3052 morbi
910 2997 941 3051 et
961 2988 1160 3066 aegritudines
1181 2986 1280 3057 animi,

106 3095 231 3174 quando
253 3104 353 3157 carent
368 3095 564 3156 moderamine
584 3092 720 3163 rationis3
734 3099 763 3152 et
777 3091 807 3152 in
822 3091 879 3152 boc
900 3105 989 3151 sensu
1011 3087 1102 3149 dictio
1122 3086 1173 3148 illa
1194 3100 1281 3162 saepe

107 3201 278 3272 usurpatur
293 3208 424 3255 sermone
439 3191 595 3254 communi.
611 3187 724 3253 Verum
739 3188 769 3249 id
791 3195 892 3250 contra
906 3201 960 3248 nos
977 3185 1035 3246 vim
1050 3200 1107 3246 non
1122 3184 1226 3256 habet;
1242 3183 1282 3244 si·

108 3292 234 3370 quidem
256 3291 407 3367 passiones
422 3289 620 3350 indifferentes
642 3303 705 3349 esse
719 3285 858 3357 diximus
880 3292 966 3361 prout
981 3299 1033 3360 per
1054 3297 1087 3344 se
1101 3289 1281 3358 spectantur,

109 3406 170 3452 uon
190 3389 220 3450 iu
242 3391 384 3464 quantum
406 3394 522 3465 praeter
543 3387 688 3448 dictamen
710 3383 833 3447 rationis
847 3383 1013 3460 insurgunt.
1034 3378 1083 3442 Sic
1104 3381 1199 3441 malae
1220 3377 1280 3438 dici

110 3494 248 3566 possunt,
262 3502 318 3548 333
333 3483 517 3564 3333333333,
531 3484 582 3546 sed
593 3482 791 3561 dispositam
804 3487 949 3559 quatenus
963 3480 999 3540 ad
1013 3478 1123 3539 malam
1135 3475 1275 3538 alliciunt.

160 3581 250 3646 03333.
273 3583 308 3648 ll.
330 3582 479 3662 Quidquid
498 3582 609 3644 inducit
630 3581 668 3642 ad
689 3579 881 3658 peccandum,
903 3577 1013 3639 malum
1034 3583 1079 3638 est
1107 3573 1279 3639 formaliter.

109 3682 208 3761 Atqui
229 3683 380 3760 passiones
400 3681 542 3742 inducunt
556 3681 593 3742 ad
616 3678 806 3756 peccandum.
821 3674 900 3754 Ergo
916 3676 1010 3737 malae
1025 3682 1093 3735 sunt
1107 3671 1278 3736 formaliter.

114 3771 117 3777 ⁴
153 3777 191 3844 R.
217 3778 308 3842 Ocno.
329 3779 402 3840 moi.
424 3789 454 3840 et
477 3775 550 3839 dist.
571 3778 656 3840 nain:
679 3773 833 3840 Passiones
860 3773 1004 3836 inducunt
1032 3773 1070 3834 ad
1098 3769 1280 3848 peccandum

106 3895 181 3943 cum
202 3895 219 3940 a
241 3880 353 3944 ratione
374 3893 429 3940 uon
452 3877 634 3948 cohibentur,
655 3893 745 3950 3333,
761 3888 830 3936 cum
851 3873 1035 3942 cohibentur,
1051 3887 1137 3946 nepo.
1153 3865 1280 3930 Tantum

107 3977 196 4039 abest
214 3983 248 4037 ut
270 3976 429 4054 passiones,
445 3975 542 4036 fraeno
563 3973 684 4035 rationis
705 3972 853 4033 cohibitae
872 3977 902 4030 et
920 3969 1081 4044 ordinatae,
1097 3966 1134 4027 ad
1156 3981 1282 4042 peccau-

108 4075 184 4138 dum
205 4074 355 4145 inducant,
376 4080 409 4134 ut
431 4073 527 4149 potius
547 4071 585 4132 ad
608 4071 745 4132 virtutem
776 4067 946 4143 pertineant.
970 4063 1176 4142 Temperantia
1204 4065 1282 4126 euim

106 4180 141 4236 et
161 4174 314 4246 fortitudo,
337 4181 368 4235 ut
388 4171 461 4232 inira
484 4169 659 4239 ridebimus,
680 4167 709 4228 iu
732 4173 815 4242 parte
838 4163 1059 4240 concupiscibili
1081 4171 1110 4225 et
1137 4160 1282 4225 irascibili

108 4272 263 4350 appetitus
285 4270 408 4343 sensilis,
430 4277 581 4346 tamquam
603 4267 631 4328 iu
654 4265 797 4336 subiecto,
822 4262 960 4325 resident.
