3159 4934
309 264 362 320 u88
630 277 673 319 rus
692 278 817 321 ιιιιιιιιι
834 296 845 306 -
863 279 932 321 rans
950 280 975 321 ιι.
994 280 1037 322 rus
1055 280 1164 324 ιοιιιιι

311 392 347 453 lis
360 390 536 470 inquinavit,
550 391 679 455 maximo
691 392 749 455 hoc
764 392 850 466 hono,
863 392 923 457 vita
939 392 1087 465 nimirum,
1100 392 1179 470 quod
1196 400 1362 455 ceterorum
1375 393 1487 455 funda-

311 500 440 553 mentum
465 499 519 568 est,
543 491 694 570 spolietur,
715 491 795 553 etin
817 500 992 571 perpetuum
1012 509 1028 553 a
1045 490 1186 554 societate
1206 492 1349 564 humana,
1367 507 1426 569 qua
1451 506 1486 553 se

311 591 426 666 penitus
439 590 591 668 indignum
612 591 720 664 effecit,
733 599 962 655 summoveatur
985 589 1076 655 Secus
1095 592 1173 655 enim
1194 593 1273 654 iuter
1293 590 1438 684 delictum
1455 598 1488 651 et

310 701 430 763 poenam
442 688 616 772 conveniens
631 689 781 765 proportio
795 702 851 752 non
866 688 1071 752 intercederet·
1065 704 1174 767 ,quana
1189 690 1262 753 ordo
1280 688 1421 761 iustitiae,
1435 687 1485 749 cni

262 847 268 859 ,
310 784 426 861 puhlica
441 766 575 862 providet
588 784 760 859 auctoritas,
781 786 899 848 omnino
920 786 1044 865 flagitat
1065 782 1172 865 Quare,
1193 794 1228 848 ιιι
1241 785 1356 864 liquido
1377 784 1484 856 fatear,

308 880 455 945 molliores
468 881 510 945 illi
527 881 707 959 philosophi,
716 883 766 961 qni
780 898 903 961 poenam
918 884 1024 961 eapitis
1039 884 1083 947 sio
1095 892 1282 956 aversantur
1295 891 1329 945 ut
1343 882 1485 945 dictitent

307 977 420 1041 nullum
434 979 507 1042 adeo
528 986 614 1057 turpe
626 995 691 1043 esse
711 981 868 1061 flagitium,
885 986 1002 1058 propter
1015 982 1203 1061 quodinlligi
1219 981 1330 1059 possit;
1346 980 1481 1042 animum

307 1090 408 1153 gerere
436 1077 510 1138 mihi
531 1076 666 1140 videntur
695 1077 887 1155 plusquamf
885 1078 1039 1157 amineum,
1060 1079 1110 1157 qui
1140 1080 1242 1157 magis
1257 1078 1328 1141 mali
1351 1075 1483 1153 sensilis,

307 1188 397 1251 quam
418 1172 488 1235 mali
510 1173 629 1235 moralis
643 1176 765 1238 horrore
786 1184 934 1254 tangatur
947 1174 1031 1250 Quod
1052 1176 1077 1237 si
1098 1176 1136 1238 ad
1159 1174 1294 1255 publicae
1305 1176 1483 1262 securitatis

308 1278 338 1332 ιι
352 1270 486 1349 propriae
507 1271 702 1335 defensionis
695 1289 751 1345 ιιιι,
764 1289 823 1351 quo
837 1281 916 1337 certe
931 1274 1058 1338 societas
1079 1274 1198 1353 gaudet,
1215 1282 1343 1337 mentem
1360 1287 1482 1335 revoca-

309 1382 386 1445 mus,
399 1367 501 1429 eedem
523 1370 632 1431 veritas
654 1384 728 1433 novo
746 1372 850 1434 robore
871 1372 1083 1434 obfirmabitnr.
1098 1369 1176 1435 Nam
1200 1372 1329 1451 profecto
1353 1371 1481 1433 societas

309 1478 342 1526 se
362 1464 453 1526 tutari
473 1465 560 1528 debet
573 1474 674 1529 contra
690 1466 815 1529 reditum
830 1468 978 1541 oriminis;
993 1469 1081 1549 quod,
1098 1469 1123 1531 si
1136 1470 1256 1548 impune
1277 1478 1416 1547 patretur
1430 1476 1480 1529 ant

308 1577 364 1623 non
386 1563 469 1641 satis,
490 1572 632 1641 quantum
661 1564 782 1643 dignum
813 1573 867 1639 est,
889 1565 1036 1642 puniatur,
1059 1566 1151 1629 adse
1178 1566 1347 1629 iterandum
1377 1564 1480 1635 tendit,

307 1672 427 1738 propter
437 1676 595 1739 pravorum
607 1663 758 1725 hominum
773 1662 951 1727 voluntatem
955 1664 1023 1742 ,qui
1039 1666 1153 1727 nonnisi
1146 1664 1322 1753 formidine
1331 1662 1478 1755 malorum

308 1758 521 1820 sensihilinma
538 1759 685 1836 peccando
704 1761 862 1823 abstinent.
874 1758 979 1824 Hinc
972 1778 1001 1823 ιι
1023 1760 1164 1825 societate
1185 1763 1232 1823 ius
1254 1762 1380 1839 emergit
1387 1746 1481 1821 'inlli-

307 1855 395 1933 gendi
414 1856 586 1919 facinorosis
607 1872 730 1935 poenam
751 1874 808 1920 non
836 1858 1091 1937 qualemcumque,
1113 1859 1163 1922 sed
1189 1859 1291 1933 talem,
1311 1875 1385 1939 quae
1405 1865 1473 1933 apta

308 1952 347 2015 sit
366 1952 403 2013 ad
424 1968 474 2017 eos
494 1952 711 2019 deterrendosa
734 1955 850 2019 scelere.
866 1954 962 2029 Quare
984 1957 1010 2019 si
1031 1954 1171 2019 immania
1193 1958 1338 2035 quaedam
1359 1955 1468 2037 flagitia
1554 1986 1555 1991 ι

308 2050 476 2114 mitioribus
503 2053 602 2129 poenis
627 2068 684 2115 non
712 2055 785 2115 satis
812 2062 1006 2127 removentur,
1030 2056 1159 2133 profecto
1187 2055 1234 2117 ius
1262 2057 1316 2117 erit
1339 2051 1473 2115 societati
1506 2060 1508 2067 “

310 2163 431 2226 poenam
453 2150 608 2227 capitalem
630 2151 802 2225 adhihendi;
828 2152 1001 2229 praesertim
1022 2166 1090 2214 cum
1111 2154 1185 2215 haec
1208 2153 1247 2213 sit
1267 2150 1419 2223 eiusmodi,
1440 2158 1475 2210 ut

308 2247 497 2310 assuetudine
517 2263 573 2310 non
596 2250 740 2323 vincatur,
760 2266 813 2313 nec
835 2265 917 2327 spem
948 2249 1036 2313 ullam
1056 2249 1194 2328 deinceps
1214 2250 1357 2313 evadendi
1377 2249 1477 2320 faeiat,
1555 2298 1556 2319 ,

307 2345 399 2407 atde
421 2344 488 2407 aliis
510 2345 661 2424 contingit.
713 2340 767 2391 *A

346 2441 394 2507 95.
417 2443 632 2528 despondetur
649 2440 870 2511 ohieolionihus
885 2440 1057 2511 Beooariae
1078 2448 1109 2511 el
1131 2441 1292 2510 Bouillana.
1308 2441 1474 2523 Perpenda·

307 2556 374 2604 mus
395 2542 480 2605 modo
500 2541 610 2621 quihus
630 2543 812 2621 argumentis
832 2542 994 2605 adversarii
1016 2544 1093 2605 hanc
1108 2542 1199 2606 totius
1220 2542 1337 2619 generis
1357 2540 1475 2603 humani

307 2640 480 2702 sententiam
508 2639 686 2703 labefactare
713 2640 854 2702 nituntur.
884 2638 1021 2703 Becoarh
1038 2638 1078 2720 (fl
1107 2647 1141 2715 et¹
1164 2638 1309 2702 Bentham
1331 2637 1374 2718 (ι)
1405 2640 1475 2709 haec

306 2737 460 2799 obiiciunt:
483 2736 505 2801 l.
528 2735 578 2801 lus
599 2736 695 2799 civilis
717 2738 869 2815 potestatis
883 2738 1015 2815 exsurgit
1035 2753 1071 2800 ex
1093 2736 1264 2799 collectione
1285 2737 1395 2799 furium
1418 2736 1474 2797 sin·
1556 2776 1557 2781 ι

306 2833 442 2912 gulorum
462 2835 581 2913 civium,
603 2836 654 2913 qui
675 2844 789 2913 partem
814 2835 959 2912 aliquam*
973 2835 1002 2896 in
1025 2850 1171 2897 summam
1194 2835 1348 2897 conferunt
1369 2834 1406 2895 ad
1430 2848 1476 2895 so-

176 2959 179 2963 1
272 3003 275 3009 Α
306 2930 409 2993 cialem
434 2933 640 2995 auctoritatem
664 2932 907 2996 constituendam.
922 2932 964 2995 ht
979 2933 1088 2995 veroin
1105 2932 1254 3010 propriam
1276 2932 1369 2994 vitem
1392 2946 1474 2993 nemo

305 3030 352 3091 ins
373 3029 472 3092 hahet.
493 3026 573 3109 Ergo
593 3031 707 3093 adstrui
728 3032 830 3109 nequit
850 3031 942 3109 origo,
963 3046 998 3093 ex
1026 3045 1084 3108 qua
1108 3030 1155 3092 ins
1187 3030 1268 3093 necis
1299 3031 1329 3091 in
1359 3030 1476 3093 civilem

306 3133 481 3204 potestatem
503 3127 659 3191 derivetur.
675 3127 710 3193 ll.
726 3126 808 3191 Mors
830 3146 847 3191 a
868 3128 986 3191 nefariis
1006 3129 1175 3191 hominihus
1196 3144 1384 3207 nequaquam
1408 3144 1477 3191 con·

305 3225 414 3301 cipitur
429 3233 579 3302 tamquam
595 3226 738 3289 malorum
751 3236 928 3300 extremum
945 3226 1089 3304 siquidem
1105 3226 1142 3288 iis
1155 3227 1214 3289 vita
1229 3226 1289 3288 iam
1305 3226 1407 3305 gravis
1424 3234 1478 3297 est,

306 3332 424 3401 propter
445 3337 601 3383 aerumnas
622 3330 652 3385 et
674 3323 812 3400 pericula,
826 3323 934 3402 quihus
954 3323 1071 3387 assidue
1094 3324 1236 3388 subiacet.
1252 3322 1301 3387 Ad
1315 3339 1367 3385 eos
1382 3324 1476 3401 igitur

306 3419 493 3482 deterrendos
513 3426 695 3496 opportunus
715 3421 811 3498 magis
832 3421 888 3483 erit
907 3420 1196 3503 diuturnusffcareer.
1218 3417 1269 3483 111.
1291 3417 1475 3497 supremum

306 3517 485 3595 supplicium
507 3516 728 3579 similitudinem
751 3519 911 3593 praesefert
935 3518 1096 3595 homicidii,
1118 3518 1198 3596 quod
1219 3517 1256 3579 de
1276 3516 1430 3579 industria
1452 3526 1480 3579 et

305 3621 409 3691 pacate
431 3622 620 3693 perpetretur.
636 3611 779 3691 Exemplo
800 3614 890 3693 igitur
912 3630 967 3678 sno
988 3614 1026 3677 ad
1047 3615 1186 3679 delictum
1208 3613 1306 3692 potius
1325 3615 1478 3677 intuentes

306 3711 406 3775 allicit.
427 3710 478 3776 lV.
502 3710 640 3776 Societati
662 3712 761 3774 utilior
781 3720 827 3774 est
848 3710 908 3773 vita
930 3712 1071 3786 nocentis,
1089 3728 1167 3792 quae
1189 3712 1281 3775 lahori
1308 3710 1479 3784 addicatur,

305 3822 394 3884 quam
416 3824 496 3872 mors
519 3809 653 3884 violenta,
675 3826 735 3888 qua
756 3810 889 3871 membro
911 3809 1052 3887 privetur.

345 3901 527 3982 Respondeo.
542 3904 672 3969 Primam
688 3905 891 3971 difficultatem
906 3905 982 3969 falso
995 3906 1110 3969 laborat
1125 3908 1292 3985 supposito.
1307 3904 1385 3971 Tota
1399 3908 1479 3971 enim

304 4009 414 4078 quanta
440 4011 494 4077 ιιι,
514 4003 687 4067 Rousseavii
713 4004 872 4097 hypothesi
901 4004 1006 4067 nititur
1032 4006 1189 4068 statuentis
1217 4006 1429 4070 auctoritatem
1460 4020 1476 4065 a

353 4168 388 4226 (ll
405 4167 456 4216 Dei
470 4171 559 4219 delitti
575 4187 589 4219 e
604 4174 672 4222 delle
686 4188 760 4235 pene.
829 4202 831 4207 ·

353 4243 388 4307 (2)
408 4246 528 4301 Oeuvres,
545 4259 564 4299 t.
579 4250 609 4299 11.
