<?xml version="1.0" encoding="UTF-8"?>
<!DOCTYPE html PUBLIC "-//W3C//DTD XHTML 1.0 Transitional//EN"
    "http://www.w3.org/TR/xhtml1/DTD/xhtml1-transitional.dtd">
<html xmlns="http://www.w3.org/1999/xhtml" xml:lang="en" lang="en">
 <head>
  <title>
</title>
<meta http-equiv="Content-Type" content="text/html;charset=utf-8" />
  <meta name='ocr-system' content='tesseract 3.04.00' />
  <meta name='ocr-capabilities' content='ocr_page ocr_carea ocr_par ocr_line ocrx_word'/>
</head>
<body>
  <div class='ocr_page' id='page_1' title='image "./institutioneset00libegoog_0025.png"; bbox 0 0 3159 4934; ppageno 0'>
   <div class='ocr_carea' id='block_1_1' title="bbox 310 295 967 351">
    <p class='ocr_par' dir='ltr' id='par_1_1' title="bbox 310 295 967 351">
     <span class='ocr_line' id='line_1_1' title="bbox 310 295 967 351; baseline -0.003 0"><span class='ocrx_word' id='word_1_1' title='bbox 310 295 343 351; x_wconf 82' lang='lat'>18</span> <span class='ocrx_word' id='word_1_2' title='bbox 830 308 967 351; x_wconf 80' lang='lat' dir='ltr'>eunica</span> 
     </span>
    </p>
   </div>
   <div class='ocr_carea' id='block_1_2' title="bbox 271 419 1569 2459">
    <p class='ocr_par' dir='ltr' id='par_1_2' title="bbox 307 419 1476 794">
     <span class='ocr_line' id='line_1_2' title="bbox 308 419 1475 502; baseline 0.001 -17"><span class='ocrx_word' id='word_1_3' title='bbox 308 422 443 486; x_wconf 77' lang='lat' dir='ltr'>rationali</span> <span class='ocrx_word' id='word_1_4' title='bbox 473 423 644 501; x_wconf 78' lang='lat' dir='ltr'>appetitioni</span> <span class='ocrx_word' id='word_1_5' title='bbox 672 423 839 500; x_wconf 87' lang='lat' dir='ltr'>respondet.</span> <span class='ocrx_word' id='word_1_6' title='bbox 860 419 941 497; x_wconf 85' lang='lat' dir='ltr'>Quae</span> <span class='ocrx_word' id='word_1_7' title='bbox 962 429 1060 484; x_wconf 79' lang='lat' dir='ltr'>anum</span> <span class='ocrx_word' id='word_1_8' title='bbox 1086 425 1262 502; x_wconf 90' lang='lat' dir='ltr'>respondent</span> <span class='ocrx_word' id='word_1_9' title='bbox 1283 427 1430 499; x_wconf 82' lang='lat' dir='ltr'>sensibus,</span> <span class='ocrx_word' id='word_1_10' title='bbox 1451 428 1475 487; x_wconf 93' lang='lat' dir='ltr'>si</span> 
     </span>
     <span class='ocr_line' id='line_1_3' title="bbox 307 509 1476 604; baseline 0.003 -21"><span class='ocrx_word' id='word_1_11' title='bbox 307 521 414 584; x_wconf 90' lang='lat' dir='ltr'>rationi</span> <span class='ocrx_word' id='word_1_12' title='bbox 435 537 490 583; x_wconf 93' lang='lat' dir='ltr'>nou</span> <span class='ocrx_word' id='word_1_13' title='bbox 513 520 693 582; x_wconf 90' lang='lat' dir='ltr'>reluctentur</span> <span class='ocrx_word' id='word_1_14' title='bbox 707 536 759 583; x_wconf 91' lang='lat' dir='ltr'>uec</span> <span class='ocrx_word' id='word_1_15' title='bbox 781 522 890 583; x_wconf 91' lang='lat' dir='ltr'>bonum</span> <span class='ocrx_word' id='word_1_16' title='bbox 910 521 1043 583; x_wconf 89' lang='lat' dir='ltr'>adimant</span> <span class='ocrx_word' id='word_1_17' title='bbox 1063 509 1108 584; x_wconf 89' lang='lat' dir='ltr'>illi</span> <span class='ocrx_word' id='word_1_18' title='bbox 1129 521 1271 604; x_wconf 87' lang='lat' dir='ltr'>debitum,</span> <span class='ocrx_word' id='word_1_19' title='bbox 1288 524 1363 586; x_wconf 85' lang='lat' dir='ltr'>bona</span> <span class='ocrx_word' id='word_1_20' title='bbox 1384 524 1476 587; x_wconf 84' lang='lat' dir='ltr'>habe·</span> 
     </span>
     <span class='ocr_line' id='line_1_4' title="bbox 307 617 1475 696; baseline 0.003 -15"><span class='ocrx_word' id='word_1_21' title='bbox 307 619 428 692; x_wconf 91' lang='lat' dir='ltr'>buntur;</span> <span class='ocrx_word' id='word_1_22' title='bbox 446 620 491 679; x_wconf 93' lang='lat' dir='ltr'>siu</span> <span class='ocrx_word' id='word_1_23' title='bbox 505 617 602 691; x_wconf 91' lang='lat' dir='ltr'>aliter,</span> <span class='ocrx_word' id='word_1_24' title='bbox 616 618 671 680; x_wconf 91' lang='lat' dir='ltr'>etsi</span> <span class='ocrx_word' id='word_1_25' title='bbox 686 625 825 695; x_wconf 87' lang='lat' dir='ltr'>respectu</span> <span class='ocrx_word' id='word_1_26' title='bbox 845 619 978 696; x_wconf 92' lang='lat' dir='ltr'>corporis</span> <span class='ocrx_word' id='word_1_27' title='bbox 996 619 1070 682; x_wconf 89' lang='lat' dir='ltr'>bona</span> <span class='ocrx_word' id='word_1_28' title='bbox 1091 619 1151 683; x_wconf 91' lang='lat' dir='ltr'>dici</span> <span class='ocrx_word' id='word_1_29' title='bbox 1172 622 1295 696; x_wconf 87' lang='lat' dir='ltr'>possint,</span> <span class='ocrx_word' id='word_1_30' title='bbox 1310 631 1408 684; x_wconf 88' lang='lat' dir='ltr'>tamen</span> <span class='ocrx_word' id='word_1_31' title='bbox 1431 639 1475 686; x_wconf 91' lang='lat' dir='ltr'>re·</span> 
     </span>
     <span class='ocr_line' id='line_1_5' title="bbox 307 714 1081 794; baseline 0.003 -18"><span class='ocrx_word' id='word_1_32' title='bbox 307 723 410 792; x_wconf 87' lang='lat' dir='ltr'>spectu</span> <span class='ocrx_word' id='word_1_33' title='bbox 431 714 569 787; x_wconf 74' lang='lat' dir='ltr'>hominis</span> <span class='ocrx_word' id='word_1_34' title='bbox 590 715 724 778; x_wconf 86' lang='lat' dir='ltr'>absolute</span> <span class='ocrx_word' id='word_1_35' title='bbox 745 716 881 794; x_wconf 81' lang='lat' dir='ltr'>spectati,</span> <span class='ocrx_word' id='word_1_36' title='bbox 903 724 972 778; x_wconf 89' lang='lat' dir='ltr'>sunt</span> <span class='ocrx_word' id='word_1_37' title='bbox 993 715 1081 779; x_wconf 87' lang='lat' dir='ltr'>mala.</span> 
     </span>
    </p>

    <p class='ocr_par' dir='ltr' id='par_1_3' title="bbox 271 777 1481 1971">
     <span class='ocr_line' id='line_1_6' title="bbox 271 777 1471 897; baseline 0.005 -24"><span class='ocrx_word' id='word_1_38' title='bbox 271 777 308 893; x_wconf 56' lang='lat' dir='ltr'>i]</span> <span class='ocrx_word' id='word_1_39' title='bbox 344 809 371 874; x_wconf 90' lang='lat'>7.</span> <span class='ocrx_word' id='word_1_40' title='bbox 395 811 520 892; x_wconf 88' lang='lat' dir='ltr'>Bonum,</span> <span class='ocrx_word' id='word_1_41' title='bbox 537 809 565 879; x_wconf 91' lang='lat' dir='ltr'>in</span> <span class='ocrx_word' id='word_1_42' title='bbox 584 810 663 897; x_wconf 90' lang='lat' dir='ltr'>quod</span> <span class='ocrx_word' id='word_1_43' title='bbox 686 829 830 897; x_wconf 83' lang='lat' dir='ltr'>quaeque</span> <span class='ocrx_word' id='word_1_44' title='bbox 853 819 968 880; x_wconf 86' lang='lat' dir='ltr'>nutura</span> <span class='ocrx_word' id='word_1_45' title='bbox 988 812 1092 890; x_wconf 86' lang='lat' dir='ltr'>tendit,</span> <span class='ocrx_word' id='word_1_46' title='bbox 1115 819 1162 881; x_wconf 90' lang='lat' dir='ltr'>esl</span> <span class='ocrx_word' id='word_1_47' title='bbox 1182 812 1253 881; x_wconf 85' lang='lat' dir='ltr'>linis</span> <span class='ocrx_word' id='word_1_48' title='bbox 1276 813 1354 882; x_wconf 87' lang='lat' dir='ltr'>eius.</span> <span class='ocrx_word' id='word_1_49' title='bbox 1377 815 1471 895; x_wconf 84' lang='lat' dir='ltr'>Finis,</span> 
     </span>
     <span class='ocr_line' id='line_1_7' title="bbox 306 909 1475 992; baseline 0.002 -18"><span class='ocrx_word' id='word_1_50' title='bbox 306 909 490 989; x_wconf 75' lang='lat' dir='ltr'>uriniendo,</span> <span class='ocrx_word' id='word_1_51' title='bbox 513 913 622 975; x_wconf 87' lang='lat' dir='ltr'>dicitur</span> <span class='ocrx_word' id='word_1_52' title='bbox 641 912 682 985; x_wconf 91' lang='lat' dir='ltr'>id,</span> <span class='ocrx_word' id='word_1_53' title='bbox 703 913 781 991; x_wconf 90' lang='lat' dir='ltr'>quod</span> <span class='ocrx_word' id='word_1_54' title='bbox 804 913 943 975; x_wconf 81' lang='lat' dir='ltr'>terminat</span> <span class='ocrx_word' id='word_1_55' title='bbox 964 913 1085 992; x_wconf 89' lang='lat' dir='ltr'>aliquid.</span> <span class='ocrx_word' id='word_1_56' title='bbox 1106 910 1155 976; x_wconf 84' lang='lat' dir='ltr'>Sic</span> <span class='ocrx_word' id='word_1_57' title='bbox 1176 923 1320 992; x_wconf 89' lang='lat' dir='ltr'>punctum</span> <span class='ocrx_word' id='word_1_58' title='bbox 1340 923 1387 978; x_wconf 89' lang='lat' dir='ltr'>est</span> <span class='ocrx_word' id='word_1_59' title='bbox 1406 917 1475 976; x_wconf 85' lang='lat' dir='ltr'>finis</span> 
     </span>
     <span class='ocr_line' id='line_1_8' title="bbox 305 1008 1476 1090; baseline 0.001 -18"><span class='ocrx_word' id='word_1_60' title='bbox 305 1009 407 1083; x_wconf 90' lang='lat' dir='ltr'>lineae,</span> <span class='ocrx_word' id='word_1_61' title='bbox 421 1019 450 1073; x_wconf 90' lang='lat' dir='ltr'>ct</span> <span class='ocrx_word' id='word_1_62' title='bbox 471 1010 550 1073; x_wconf 89' lang='lat' dir='ltr'>calor</span> <span class='ocrx_word' id='word_1_63' title='bbox 569 1018 613 1072; x_wconf 88' lang='lat' dir='ltr'>est</span> <span class='ocrx_word' id='word_1_64' title='bbox 629 1011 697 1072; x_wconf 88' lang='lat' dir='ltr'>linis</span> <span class='ocrx_word' id='word_1_65' title='bbox 718 1010 926 1074; x_wconf 75' lang='lat' dir='ltr'>calefactionis.</span> <span class='ocrx_word' id='word_1_66' title='bbox 942 1008 1039 1084; x_wconf 83' lang='lat' dir='ltr'>Quare</span> <span class='ocrx_word' id='word_1_67' title='bbox 1061 1027 1118 1074; x_wconf 84' lang='lat' dir='ltr'>vox</span> <span class='ocrx_word' id='word_1_68' title='bbox 1139 1011 1244 1074; x_wconf 90' lang='lat' dir='ltr'>illaad</span> <span class='ocrx_word' id='word_1_69' title='bbox 1264 1013 1476 1090; x_wconf 89' lang='lat' dir='ltr'>appetitionem</span> 
     </span>
     <span class='ocr_line' id='line_1_9' title="bbox 307 1107 1480 1187; baseline 0.002 -17"><span class='ocrx_word' id='word_1_70' title='bbox 307 1109 448 1170; x_wconf 87' lang='lat' dir='ltr'>translata</span> <span class='ocrx_word' id='word_1_71' title='bbox 470 1107 618 1186; x_wconf 81' lang='lat' dir='ltr'>significat</span> <span class='ocrx_word' id='word_1_72' title='bbox 632 1108 663 1170; x_wconf 90' lang='lat' dir='ltr'>id</span> <span class='ocrx_word' id='word_1_73' title='bbox 676 1109 754 1184; x_wconf 93' lang='lat' dir='ltr'>quod</span> <span class='ocrx_word' id='word_1_74' title='bbox 768 1108 867 1185; x_wconf 87' lang='lat' dir='ltr'>ipsam</span> <span class='ocrx_word' id='word_1_75' title='bbox 883 1109 1029 1172; x_wconf 86' lang='lat' dir='ltr'>terminat.</span> <span class='ocrx_word' id='word_1_76' title='bbox 1044 1109 1146 1187; x_wconf 82' lang='lat' dir='ltr'>Atqui,</span> <span class='ocrx_word' id='word_1_77' title='bbox 1160 1117 1193 1171; x_wconf 90' lang='lat' dir='ltr'>ut</span> <span class='ocrx_word' id='word_1_78' title='bbox 1211 1110 1270 1172; x_wconf 88' lang='lat' dir='ltr'>iam</span> <span class='ocrx_word' id='word_1_79' title='bbox 1292 1110 1480 1174; x_wconf 85' lang='lat' dir='ltr'>demonstra·</span> 
     </span>
     <span class='ocr_line' id='line_1_10' title="bbox 307 1205 1479 1285; baseline 0.002 -17"><span class='ocrx_word' id='word_1_80' title='bbox 307 1207 414 1280; x_wconf 90' lang='lat' dir='ltr'>rimus,</span> <span class='ocrx_word' id='word_1_81' title='bbox 431 1207 538 1268; x_wconf 88' lang='lat' dir='ltr'>bonum</span> <span class='ocrx_word' id='word_1_82' title='bbox 558 1213 605 1268; x_wconf 91' lang='lat' dir='ltr'>est</span> <span class='ocrx_word' id='word_1_83' title='bbox 626 1205 708 1285; x_wconf 85' lang='lat' dir='ltr'>illud,</span> <span class='ocrx_word' id='word_1_84' title='bbox 723 1207 804 1284; x_wconf 93' lang='lat' dir='ltr'>quod</span> <span class='ocrx_word' id='word_1_85' title='bbox 820 1207 959 1268; x_wconf 88' lang='lat' dir='ltr'>terminat</span> <span class='ocrx_word' id='word_1_86' title='bbox 972 1207 1189 1285; x_wconf 89' lang='lat' dir='ltr'>appetitionem.</span> <span class='ocrx_word' id='word_1_87' title='bbox 1205 1205 1286 1285; x_wconf 81' lang='lat' dir='ltr'>Ergo</span> <span class='ocrx_word' id='word_1_88' title='bbox 1308 1209 1416 1270; x_wconf 86' lang='lat' dir='ltr'>bonum</span> <span class='ocrx_word' id='word_1_89' title='bbox 1429 1216 1479 1270; x_wconf 90' lang='lat' dir='ltr'>est</span> 
     </span>
     <span class='ocr_line' id='line_1_11' title="bbox 306 1302 1481 1385; baseline 0.002 -19"><span class='ocrx_word' id='word_1_90' title='bbox 306 1304 338 1366; x_wconf 90' lang='lat' dir='ltr'>id</span> <span class='ocrx_word' id='word_1_91' title='bbox 358 1303 435 1382; x_wconf 93' lang='lat' dir='ltr'>quod</span> <span class='ocrx_word' id='word_1_92' title='bbox 461 1305 614 1368; x_wconf 88' lang='lat' dir='ltr'>constituit</span> <span class='ocrx_word' id='word_1_93' title='bbox 641 1305 729 1366; x_wconf 85' lang='lat' dir='ltr'>linem</span> <span class='ocrx_word' id='word_1_94' title='bbox 757 1305 800 1367; x_wconf 92' lang='lat' dir='ltr'>rei</span> <span class='ocrx_word' id='word_1_95' title='bbox 821 1305 1043 1383; x_wconf 89' lang='lat' dir='ltr'>cuiuscumque.</span> <span class='ocrx_word' id='word_1_96' title='bbox 1064 1302 1155 1366; x_wconf 77' lang='lat' dir='ltr'>lituu</span> <span class='ocrx_word' id='word_1_97' title='bbox 1180 1304 1225 1367; x_wconf 84' lang='lat' dir='ltr'>cd</span> <span class='ocrx_word' id='word_1_98' title='bbox 1250 1303 1332 1383; x_wconf 84' lang='lat' dir='ltr'>quod</span> <span class='ocrx_word' id='word_1_99' title='bbox 1355 1305 1481 1385; x_wconf 66' lang='lat' dir='ltr'>aliqud</span> 
     </span>
     <span class='ocr_line' id='line_1_12' title="bbox 307 1399 1480 1491; baseline 0.003 -30"><span class='ocrx_word' id='word_1_100' title='bbox 307 1399 408 1462; x_wconf 77' lang='lat' dir='ltr'>tendit</span> <span class='ocrx_word' id='word_1_101' title='bbox 427 1401 481 1480; x_wconf 83' lang='lat' dir='ltr'>(ait</span> <span class='ocrx_word' id='word_1_102' title='bbox 502 1399 531 1464; x_wconf 88' lang='lat' dir='ltr'>S.</span> <span class='ocrx_word' id='word_1_103' title='bbox 547 1399 690 1480; x_wconf 85' lang='lat' dir='ltr'>Thomas)</span> <span class='ocrx_word' id='word_1_104' title='bbox 710 1418 779 1464; x_wconf 88' lang='lat' dir='ltr'>cnm</span> <span class='ocrx_word' id='word_1_105' title='bbox 800 1405 891 1464; x_wconf 80' lang='lat' dir='ltr'>enirn</span> <span class='ocrx_word' id='word_1_106' title='bbox 911 1400 1141 1491; x_wconf 67' lang='lat' dir='ltr'>ipipnntfuerii,</span> <span class='ocrx_word' id='word_1_107' title='bbox 1157 1404 1187 1464; x_wconf 83' lang='lat' dir='ltr'>ei</span> <span class='ocrx_word' id='word_1_108' title='bbox 1199 1403 1234 1464; x_wconf 92' lang='lat' dir='ltr'>in</span> <span class='ocrx_word' id='word_1_109' title='bbox 1256 1421 1316 1481; x_wconf 87' lang='lat' dir='ltr'>quo</span> <span class='ocrx_word' id='word_1_110' title='bbox 1337 1404 1480 1482; x_wconf 76' lang='lat' dir='ltr'>quiescit,</span> 
     </span>
     <span class='ocr_line' id='line_1_13' title="bbox 308 1486 1480 1580; baseline 0.002 -19"><span class='ocrx_word' id='word_1_111' title='bbox 308 1518 376 1562; x_wconf 84' lang='lat' dir='ltr'>cunt</span> <span class='ocrx_word' id='word_1_112' title='bbox 396 1500 498 1578; x_wconf 75' lang='lat' dir='ltr'>ipsunt</span> <span class='ocrx_word' id='word_1_113' title='bbox 518 1495 679 1574; x_wconf 54' lang='lat' dir='ltr'>debuerim</span> <span class='ocrx_word' id='word_1_114' title='bbox 694 1502 743 1560; x_wconf 82' lang='lat' dir='ltr'>esi</span> <span class='ocrx_word' id='word_1_115' title='bbox 763 1496 840 1576; x_wconf 74' lang='lat' dir='ltr'>[inis</span> <span class='ocrx_word' id='word_1_116' title='bbox 862 1497 937 1562; x_wconf 64' lang='lat' dir='ltr'>einsss</span> <span class='ocrx_word' id='word_1_117' title='bbox 961 1486 1204 1577; x_wconf 64' lang='lat' dir='ltr'>Unumquodw</span> <span class='ocrx_word' id='word_1_118' title='bbox 1224 1503 1339 1575; x_wconf 80' lang='lat' dir='ltr'>cutem,</span> <span class='ocrx_word' id='word_1_119' title='bbox 1359 1501 1390 1562; x_wconf 88' lang='lat' dir='ltr'>si</span> <span class='ocrx_word' id='word_1_120' title='bbox 1404 1520 1480 1580; x_wconf 83' lang='lat' dir='ltr'>per·</span> 
     </span>
     <span class='ocr_line' id='line_1_14' title="bbox 307 1595 1479 1678; baseline 0.002 -19"><span class='ocrx_word' id='word_1_121' title='bbox 307 1597 438 1676; x_wconf 74' lang='lat' dir='ltr'>sectione</span> <span class='ocrx_word' id='word_1_122' title='bbox 456 1596 586 1675; x_wconf 84' lang='lat' dir='ltr'>proprio</span> <span class='ocrx_word' id='word_1_123' title='bbox 605 1599 719 1678; x_wconf 80' lang='lat' dir='ltr'>curcei,</span> <span class='ocrx_word' id='word_1_124' title='bbox 740 1595 778 1658; x_wconf 87' lang='lat' dir='ltr'>in</span> <span class='ocrx_word' id='word_1_125' title='bbox 796 1597 899 1676; x_wconf 70' lang='lat' dir='ltr'>ipsam</span> <span class='ocrx_word' id='word_1_126' title='bbox 911 1600 1059 1674; x_wconf 76' lang='lat' dir='ltr'>muncler,</span> <span class='ocrx_word' id='word_1_127' title='bbox 1082 1601 1233 1676; x_wconf 86' lang='lat' dir='ltr'>quonium</span> <span class='ocrx_word' id='word_1_128' title='bbox 1253 1599 1288 1659; x_wconf 89' lang='lat' dir='ltr'>in</span> <span class='ocrx_word' id='word_1_129' title='bbox 1308 1616 1342 1660; x_wconf 88' lang='lat' dir='ltr'>sc</span> <span class='ocrx_word' id='word_1_130' title='bbox 1362 1601 1427 1674; x_wconf 81' lang='lat' dir='ltr'>est,·</span> <span class='ocrx_word' id='word_1_131' title='bbox 1443 1600 1479 1661; x_wconf 87' lang='lat' dir='ltr'>si</span> 
     </span>
     <span class='ocr_line' id='line_1_15' title="bbox 302 1693 1478 1774; baseline -0.002 -16"><span class='ocrx_word' id='word_1_132' title='bbox 302 1713 378 1774; x_wconf 16' lang='lat' dir='ltr'>&#39;uero</span> <span class='ocrx_word' id='word_1_133' title='bbox 391 1713 459 1757; x_wconf 86' lang='lat' dir='ltr'>eant</span> <span class='ocrx_word' id='word_1_134' title='bbox 480 1693 600 1768; x_wconf 80' lang='lat' dir='ltr'>lrabeat,</span> <span class='ocrx_word' id='word_1_135' title='bbox 617 1695 651 1756; x_wconf 88' lang='lat' dir='ltr'>in</span> <span class='ocrx_word' id='word_1_136' title='bbox 669 1696 739 1773; x_wconf 81' lang='lat' dir='ltr'>ipsu</span> <span class='ocrx_word' id='word_1_137' title='bbox 760 1695 898 1774; x_wconf 79' lang='lat' dir='ltr'>quiescit.</span> <span class='ocrx_word' id='word_1_138' title='bbox 914 1693 1013 1757; x_wconf 85' lang='lat' dir='ltr'>Finis</span> <span class='ocrx_word' id='word_1_139' title='bbox 1033 1696 1134 1773; x_wconf 81' lang='lat' dir='ltr'>ipiiur</span> <span class='ocrx_word' id='word_1_140' title='bbox 1154 1695 1400 1774; x_wconf 85' lang='lat' dir='ltr'>uniuscuiusque</span> <span class='ocrx_word' id='word_1_141' title='bbox 1418 1695 1478 1771; x_wconf 87' lang='lat' dir='ltr'>rci,</span> 
     </span>
     <span class='ocr_line' id='line_1_16' title="bbox 307 1790 1478 1874; baseline 0.001 -18"><span class='ocrx_word' id='word_1_142' title='bbox 307 1791 439 1856; x_wconf 83' lang='lat' dir='ltr'>esicius</span> <span class='ocrx_word' id='word_1_143' title='bbox 462 1791 619 1871; x_wconf 79' lang='lat' dir='ltr'>perfectio.</span> <span class='ocrx_word' id='word_1_144' title='bbox 644 1790 804 1870; x_wconf 75' lang='lat' dir='ltr'>Perfeciio</span> <span class='ocrx_word' id='word_1_145' title='bbox 831 1796 936 1855; x_wconf 78' lang='lat' dir='ltr'>quiem</span> <span class='ocrx_word' id='word_1_146' title='bbox 963 1791 1129 1855; x_wconf 76' lang='lat' dir='ltr'>cuiuslibet</span> <span class='ocrx_word' id='word_1_147' title='bbox 1151 1797 1199 1855; x_wconf 83' lang='lat' dir='ltr'>esi</span> <span class='ocrx_word' id='word_1_148' title='bbox 1225 1791 1337 1856; x_wconf 81' lang='lat' dir='ltr'>bonum</span> <span class='ocrx_word' id='word_1_149' title='bbox 1364 1792 1478 1874; x_wconf 74' lang='lat' dir='ltr'>ipsios.</span> 
     </span>
     <span class='ocr_line' id='line_1_17' title="bbox 314 1887 1421 1971; baseline -0.004 -18"><span class='ocrx_word' id='word_1_150' title='bbox 314 1887 558 1969; x_wconf 78' lang='lat' dir='ltr'>Unumquodque</span> <span class='ocrx_word' id='word_1_151' title='bbox 578 1890 677 1971; x_wconf 75' lang='lat' dir='ltr'>ipiiur</span> <span class='ocrx_word' id='word_1_152' title='bbox 697 1888 864 1952; x_wconf 79' lang='lat' dir='ltr'>ordinatur</span> <span class='ocrx_word' id='word_1_153' title='bbox 883 1891 918 1952; x_wconf 88' lang='lat' dir='ltr'>in</span> <span class='ocrx_word' id='word_1_154' title='bbox 938 1888 1051 1954; x_wconf 76' lang='lat' dir='ltr'>bonurn</span> <span class='ocrx_word' id='word_1_155' title='bbox 1071 1891 1153 1954; x_wconf 81' lang='lat' dir='ltr'>sicui</span> <span class='ocrx_word' id='word_1_156' title='bbox 1172 1893 1205 1953; x_wconf 93' lang='lat' dir='ltr'>in</span> <span class='ocrx_word' id='word_1_157' title='bbox 1226 1890 1320 1970; x_wconf 71' lang='lat' dir='ltr'>finem</span> <span class='ocrx_word' id='word_1_158' title='bbox 1336 1891 1387 1971; x_wconf 84' lang='grc' dir='ltr'>(Ι).</span> <span class='ocrx_word' id='word_1_159' title='bbox 1404 1915 1421 1949; x_wconf 85' lang='grc'><strong><em>»</em></strong></span> 
     </span>
    </p>

    <p class='ocr_par' dir='ltr' id='par_1_4' title="bbox 306 1983 1569 2459">
     <span class='ocr_line' id='line_1_18' title="bbox 346 1983 1478 2073; baseline -0.001 -23"><span class='ocrx_word' id='word_1_160' title='bbox 346 1983 375 2050; x_wconf 88' lang='grc'>8.</span> <span class='ocrx_word' id='word_1_161' title='bbox 398 1984 478 2054; x_wconf 79' lang='lat' dir='ltr'>finis</span> <span class='ocrx_word' id='word_1_162' title='bbox 501 1985 624 2073; x_wconf 88' lang='lat' dir='ltr'>proprie</span> <span class='ocrx_word' id='word_1_163' title='bbox 647 1992 695 2054; x_wconf 86' lang='lat' dir='ltr'>est</span> <span class='ocrx_word' id='word_1_164' title='bbox 717 1986 829 2055; x_wconf 86' lang='lat' dir='ltr'>bonurn</span> <span class='ocrx_word' id='word_1_165' title='bbox 852 1985 1023 2055; x_wconf 82' lang='lat' dir='ltr'>honesturn.</span> <span class='ocrx_word' id='word_1_166' title='bbox 1038 1987 1070 2052; x_wconf 90' lang='lat' dir='ltr'>ln</span> <span class='ocrx_word' id='word_1_167' title='bbox 1086 1989 1169 2052; x_wconf 85' lang='lat' dir='ltr'>bonis</span> <span class='ocrx_word' id='word_1_168' title='bbox 1186 1997 1285 2052; x_wconf 89' lang='lat' dir='ltr'>autem</span> <span class='ocrx_word' id='word_1_169' title='bbox 1307 1990 1363 2051; x_wconf 85' lang='lat' dir='ltr'>tria</span> <span class='ocrx_word' id='word_1_170' title='bbox 1378 1991 1478 2053; x_wconf 84' lang='lat' dir='ltr'>cousi-</span> 
     </span>
     <span class='ocr_line' id='line_1_19' title="bbox 307 2081 1478 2165; baseline 0 -17"><span class='ocrx_word' id='word_1_171' title='bbox 307 2087 404 2148; x_wconf 88' lang='lat' dir='ltr'>derari</span> <span class='ocrx_word' id='word_1_172' title='bbox 420 2081 556 2164; x_wconf 79' lang='lat' dir='ltr'>possunt:</span> <span class='ocrx_word' id='word_1_173' title='bbox 578 2086 711 2161; x_wconf 78' lang='lat' dir='ltr'>utililas,</span> <span class='ocrx_word' id='word_1_174' title='bbox 732 2085 887 2161; x_wconf 74' lang='lat' dir='ltr'>lunulas,</span> <span class='ocrx_word' id='word_1_175' title='bbox 911 2085 1063 2165; x_wconf 84' lang='lat' dir='ltr'>ooiupios.</span> <span class='ocrx_word' id='word_1_176' title='bbox 1078 2084 1199 2150; x_wconf 85' lang='lat' dir='ltr'>Utilitas</span> <span class='ocrx_word' id='word_1_177' title='bbox 1214 2096 1260 2149; x_wconf 89' lang='lat' dir='ltr'>est</span> <span class='ocrx_word' id='word_1_178' title='bbox 1275 2087 1417 2150; x_wconf 84' lang='lat' dir='ltr'>habilitas</span> <span class='ocrx_word' id='word_1_179' title='bbox 1432 2089 1478 2150; x_wconf 89' lang='lat' dir='ltr'>rei</span> 
     </span>
     <span class='ocr_line' id='line_1_20' title="bbox 307 2183 1478 2262; baseline 0 -15"><span class='ocrx_word' id='word_1_180' title='bbox 307 2186 344 2247; x_wconf 90' lang='lat' dir='ltr'>ad</span> <span class='ocrx_word' id='word_1_181' title='bbox 367 2186 435 2248; x_wconf 86' lang='lat' dir='ltr'>boui</span> <span class='ocrx_word' id='word_1_182' title='bbox 456 2185 582 2248; x_wconf 89' lang='lat' dir='ltr'>alicuius</span> <span class='ocrx_word' id='word_1_183' title='bbox 603 2186 797 2262; x_wconf 79' lang='lat' dir='ltr'>adeptionem.</span> <span class='ocrx_word' id='word_1_184' title='bbox 815 2183 928 2248; x_wconf 90' lang='lat' dir='ltr'>Bonum</span> <span class='ocrx_word' id='word_1_185' title='bbox 951 2185 1070 2262; x_wconf 87' lang='lat' dir='ltr'>proinde</span> <span class='ocrx_word' id='word_1_186' title='bbox 1091 2186 1146 2247; x_wconf 92' lang='lat' dir='ltr'>sub</span> <span class='ocrx_word' id='word_1_187' title='bbox 1168 2186 1224 2248; x_wconf 93' lang='lat' dir='ltr'>hoc</span> <span class='ocrx_word' id='word_1_188' title='bbox 1245 2194 1382 2262; x_wconf 86' lang='lat' dir='ltr'>respectu</span> <span class='ocrx_word' id='word_1_189' title='bbox 1404 2184 1478 2247; x_wconf 91' lang='lat' dir='ltr'>utile</span> 
     </span>
     <span class='ocr_line' id='line_1_21' title="bbox 307 2279 1477 2361; baseline -0.002 -15"><span class='ocrx_word' id='word_1_190' title='bbox 307 2283 423 2346; x_wconf 91' lang='lat' dir='ltr'>dicitur.</span> <span class='ocrx_word' id='word_1_191' title='bbox 440 2279 584 2361; x_wconf 82' lang='lat' dir='ltr'>Exemplo</span> <span class='ocrx_word' id='word_1_192' title='bbox 598 2285 637 2346; x_wconf 87' lang='lat' dir='ltr'>sit</span> <span class='ocrx_word' id='word_1_193' title='bbox 651 2283 734 2345; x_wconf 86' lang='lat' dir='ltr'>cibus</span> <span class='ocrx_word' id='word_1_194' title='bbox 748 2284 844 2361; x_wconf 89' lang='lat' dir='ltr'>quoad</span> <span class='ocrx_word' id='word_1_195' title='bbox 865 2283 999 2345; x_wconf 88' lang='lat' dir='ltr'>alendam</span> <span class='ocrx_word' id='word_1_196' title='bbox 1015 2283 1116 2356; x_wconf 87' lang='lat' dir='ltr'>vitam,</span> <span class='ocrx_word' id='word_1_197' title='bbox 1130 2291 1182 2345; x_wconf 91' lang='lat' dir='ltr'>aut</span> <span class='ocrx_word' id='word_1_198' title='bbox 1196 2283 1318 2360; x_wconf 87' lang='lat' dir='ltr'>pecunia</span> <span class='ocrx_word' id='word_1_199' title='bbox 1339 2290 1477 2359; x_wconf 89' lang='lat' dir='ltr'>respectu</span> 
     </span>
     <span class='ocr_line' id='line_1_22' title="bbox 306 2377 1569 2459; baseline -0.002 -14"><span class='ocrx_word' id='word_1_200' title='bbox 306 2397 405 2458; x_wconf 84' lang='lat' dir='ltr'>rerum</span> <span class='ocrx_word' id='word_1_201' title='bbox 426 2382 627 2444; x_wconf 85' lang='lat' dir='ltr'>emendarum.</span> <span class='ocrx_word' id='word_1_202' title='bbox 653 2377 800 2443; x_wconf 91' lang='lat' dir='ltr'>Honestas</span> <span class='ocrx_word' id='word_1_203' title='bbox 823 2388 869 2443; x_wconf 89' lang='lat' dir='ltr'>est</span> <span class='ocrx_word' id='word_1_204' title='bbox 896 2381 1105 2458; x_wconf 87' lang='lat' dir='ltr'>convenientia,</span> <span class='ocrx_word' id='word_1_205' title='bbox 1129 2395 1218 2459; x_wconf 89' lang='lat' dir='ltr'>quam</span> <span class='ocrx_word' id='word_1_206' title='bbox 1239 2380 1324 2443; x_wconf 86' lang='lat' dir='ltr'>iuxta</span> <span class='ocrx_word' id='word_1_207' title='bbox 1344 2381 1478 2444; x_wconf 89' lang='lat' dir='ltr'>ordinem</span> <span class='ocrx_word' id='word_1_208' title='bbox 1567 2436 1569 2449; x_wconf 91' lang='grc'>,</span> 
     </span>
    </p>
   </div>
   <div class='ocr_carea' id='block_1_3' title="bbox 296 2477 1568 2752">
    <p class='ocr_par' dir='ltr' id='par_1_5' title="bbox 296 2477 1568 2752">
     <span class='ocr_line' id='line_1_23' title="bbox 296 2477 1568 2568; baseline -0.001 -26"><span class='ocrx_word' id='word_1_209' title='bbox 296 2481 429 2568; x_wconf 89' lang='lat' dir='ltr'>rationis</span> <span class='ocrx_word' id='word_1_210' title='bbox 451 2481 561 2542; x_wconf 89' lang='lat' dir='ltr'>bonum</span> <span class='ocrx_word' id='word_1_211' title='bbox 577 2486 682 2556; x_wconf 90' lang='lat' dir='ltr'>suapte</span> <span class='ocrx_word' id='word_1_212' title='bbox 695 2479 725 2540; x_wconf 92' lang='lat' dir='ltr'>ri</span> <span class='ocrx_word' id='word_1_213' title='bbox 739 2479 830 2542; x_wconf 85' lang='lat' dir='ltr'>habet</span> <span class='ocrx_word' id='word_1_214' title='bbox 848 2493 916 2541; x_wconf 88' lang='lat' dir='ltr'>cum</span> <span class='ocrx_word' id='word_1_215' title='bbox 930 2486 1035 2540; x_wconf 85' lang='lat' dir='ltr'>natura</span> <span class='ocrx_word' id='word_1_216' title='bbox 1050 2495 1138 2557; x_wconf 88' lang='lat' dir='ltr'>quam</span> <span class='ocrx_word' id='word_1_217' title='bbox 1154 2478 1288 2556; x_wconf 88' lang='lat' dir='ltr'>respicit;</span> <span class='ocrx_word' id='word_1_218' title='bbox 1309 2488 1397 2556; x_wconf 90' lang='lat' dir='ltr'>atque</span> <span class='ocrx_word' id='word_1_219' title='bbox 1411 2477 1480 2541; x_wconf 90' lang='lat' dir='ltr'>ideo</span> <span class='ocrx_word' id='word_1_220' title='bbox 1566 2558 1568 2561; x_wconf 16' lang='grc' dir='ltr'>Ι</span> 
     </span>
     <span class='ocr_line' id='line_1_24' title="bbox 306 2575 1567 2673; baseline -0.002 -33"><span class='ocrx_word' id='word_1_221' title='bbox 306 2577 415 2640; x_wconf 90' lang='lat' dir='ltr'>honum</span> <span class='ocrx_word' id='word_1_222' title='bbox 430 2577 585 2640; x_wconf 87' lang='lat' dir='ltr'>honestum</span> <span class='ocrx_word' id='word_1_223' title='bbox 600 2576 674 2638; x_wconf 92' lang='lat' dir='ltr'>illud</span> <span class='ocrx_word' id='word_1_224' title='bbox 688 2575 862 2654; x_wconf 88' lang='lat' dir='ltr'>appellatur,</span> <span class='ocrx_word' id='word_1_225' title='bbox 876 2577 954 2655; x_wconf 94' lang='lat' dir='ltr'>quod</span> <span class='ocrx_word' id='word_1_226' title='bbox 970 2585 1123 2654; x_wconf 85' lang='lat' dir='ltr'>propterea</span> <span class='ocrx_word' id='word_1_227' title='bbox 1137 2577 1296 2655; x_wconf 89' lang='lat' dir='ltr'>appetitur,</span> <span class='ocrx_word' id='word_1_228' title='bbox 1307 2577 1376 2654; x_wconf 88' lang='lat' dir='ltr'>quia</span> <span class='ocrx_word' id='word_1_229' title='bbox 1391 2576 1478 2638; x_wconf 89' lang='lat' dir='ltr'>decet</span> <span class='ocrx_word' id='word_1_230' title='bbox 1565 2598 1567 2673; x_wconf 74' lang='lat'><em>]</em></span> 
     </span>
     <span class='ocr_line' id='line_1_25' title="bbox 306 2673 1478 2752; baseline -0.001 -16"><span class='ocrx_word' id='word_1_231' title='bbox 306 2683 336 2737; x_wconf 93' lang='lat' dir='ltr'>et</span> <span class='ocrx_word' id='word_1_232' title='bbox 359 2690 410 2752; x_wconf 93' lang='lat' dir='ltr'>per</span> <span class='ocrx_word' id='word_1_233' title='bbox 430 2690 462 2736; x_wconf 90' lang='lat' dir='ltr'>se</span> <span class='ocrx_word' id='word_1_234' title='bbox 482 2690 582 2737; x_wconf 90' lang='lat' dir='ltr'>amore</span> <span class='ocrx_word' id='word_1_235' title='bbox 601 2682 648 2736; x_wconf 88' lang='lat' dir='ltr'>est</span> <span class='ocrx_word' id='word_1_236' title='bbox 672 2673 803 2752; x_wconf 83' lang='lat' dir='ltr'>dignum.</span> <span class='ocrx_word' id='word_1_237' title='bbox 825 2673 969 2751; x_wconf 86' lang='lat' dir='ltr'>Exemplo</span> <span class='ocrx_word' id='word_1_238' title='bbox 993 2675 1033 2737; x_wconf 91' lang='lat' dir='ltr'>sit</span> <span class='ocrx_word' id='word_1_239' title='bbox 1057 2675 1179 2736; x_wconf 91' lang='lat' dir='ltr'>scientia</span> <span class='ocrx_word' id='word_1_240' title='bbox 1200 2682 1251 2734; x_wconf 90' lang='lat' dir='ltr'>aut</span> <span class='ocrx_word' id='word_1_241' title='bbox 1273 2673 1378 2745; x_wconf 92' lang='lat' dir='ltr'>virtus,</span> <span class='ocrx_word' id='word_1_242' title='bbox 1399 2689 1478 2750; x_wconf 89' lang='lat' dir='ltr'>quae</span> 
     </span>
    </p>
   </div>
   <div class='ocr_carea' id='block_1_4' title="bbox 306 2769 1566 4120">
    <p class='ocr_par' dir='ltr' id='par_1_6' title="bbox 306 2769 1566 3630">
     <span class='ocr_line' id='line_1_26' title="bbox 307 2769 1566 2850; baseline -0.002 -15"><span class='ocrx_word' id='word_1_243' title='bbox 307 2778 487 2850; x_wconf 90' lang='lat' dir='ltr'>appetuntur</span> <span class='ocrx_word' id='word_1_244' title='bbox 507 2773 544 2834; x_wconf 88' lang='lat' dir='ltr'>ob</span> <span class='ocrx_word' id='word_1_245' title='bbox 565 2772 714 2849; x_wconf 90' lang='lat' dir='ltr'>propriam</span> <span class='ocrx_word' id='word_1_246' title='bbox 736 2773 905 2835; x_wconf 88' lang='lat' dir='ltr'>bonitatem.</span> <span class='ocrx_word' id='word_1_247' title='bbox 927 2769 961 2834; x_wconf 92' lang='lat' dir='ltr'>ld</span> <span class='ocrx_word' id='word_1_248' title='bbox 986 2787 1056 2835; x_wconf 83' lang='lat' dir='ltr'>vero</span> <span class='ocrx_word' id='word_1_249' title='bbox 1084 2787 1140 2833; x_wconf 91' lang='lat' dir='ltr'>non</span> <span class='ocrx_word' id='word_1_250' title='bbox 1160 2772 1298 2849; x_wconf 92' lang='lat' dir='ltr'>prohibet</span> <span class='ocrx_word' id='word_1_251' title='bbox 1316 2772 1478 2849; x_wconf 89' lang='lat' dir='ltr'>quominus</span> <span class='ocrx_word' id='word_1_252' title='bbox 1564 2774 1566 2787; x_wconf 93' lang='lat'>&#39;</span> 
     </span>
     <span class='ocr_line' id='line_1_27' title="bbox 306 2869 1479 2956; baseline -0.003 -23"><span class='ocrx_word' id='word_1_253' title='bbox 306 2872 382 2933; x_wconf 86' lang='lat' dir='ltr'>boue</span> <span class='ocrx_word' id='word_1_254' title='bbox 404 2871 535 2946; x_wconf 88' lang='lat' dir='ltr'>honesta,</span> <span class='ocrx_word' id='word_1_255' title='bbox 552 2870 608 2932; x_wconf 89' lang='lat' dir='ltr'>etsi</span> <span class='ocrx_word' id='word_1_256' title='bbox 630 2885 763 2956; x_wconf 87' lang='lat' dir='ltr'>quaeque</span> <span class='ocrx_word' id='word_1_257' title='bbox 777 2870 808 2930; x_wconf 92' lang='lat' dir='ltr'>iu</span> <span class='ocrx_word' id='word_1_258' title='bbox 822 2885 876 2932; x_wconf 93' lang='lat' dir='ltr'>suo</span> <span class='ocrx_word' id='word_1_259' title='bbox 889 2869 991 2931; x_wconf 90' lang='lat' dir='ltr'>ordine</span> <span class='ocrx_word' id='word_1_260' title='bbox 1010 2878 1129 2946; x_wconf 92' lang='lat' dir='ltr'>propter</span> <span class='ocrx_word' id='word_1_261' title='bbox 1143 2885 1175 2930; x_wconf 93' lang='lat' dir='ltr'>se</span> <span class='ocrx_word' id='word_1_262' title='bbox 1188 2877 1374 2947; x_wconf 83' lang='lat' dir='ltr'>appetantur,</span> <span class='ocrx_word' id='word_1_263' title='bbox 1388 2869 1479 2947; x_wconf 80' lang='lat' dir='ltr'>dirigi</span> 
     </span>
     <span class='ocr_line' id='line_1_28' title="bbox 307 2965 1564 3045; baseline -0.001 -15"><span class='ocrx_word' id='word_1_264' title='bbox 307 2976 405 3030; x_wconf 88' lang='lat' dir='ltr'>tamen</span> <span class='ocrx_word' id='word_1_265' title='bbox 427 2968 542 3044; x_wconf 89' lang='lat' dir='ltr'>possint</span> <span class='ocrx_word' id='word_1_266' title='bbox 562 2968 600 3028; x_wconf 91' lang='lat' dir='ltr'>ad</span> <span class='ocrx_word' id='word_1_267' title='bbox 621 2967 733 3045; x_wconf 88' lang='lat' dir='ltr'>potiora</span> <span class='ocrx_word' id='word_1_268' title='bbox 756 2967 842 3041; x_wconf 90' lang='lat' dir='ltr'>bona,</span> <span class='ocrx_word' id='word_1_269' title='bbox 862 2982 939 3045; x_wconf 87' lang='lat' dir='ltr'>qnae</span> <span class='ocrx_word' id='word_1_270' title='bbox 951 2967 1041 3028; x_wconf 90' lang='lat' dir='ltr'>etiam</span> <span class='ocrx_word' id='word_1_271' title='bbox 1056 2966 1180 3029; x_wconf 86' lang='lat' dir='ltr'>honesta</span> <span class='ocrx_word' id='word_1_272' title='bbox 1201 2968 1269 3029; x_wconf 90' lang='lat' dir='ltr'>siut.</span> <span class='ocrx_word' id='word_1_273' title='bbox 1284 2965 1346 3030; x_wconf 86' lang='lat' dir='ltr'>Sub</span> <span class='ocrx_word' id='word_1_274' title='bbox 1360 2969 1417 3030; x_wconf 91' lang='lat' dir='ltr'>hoc</span> <span class='ocrx_word' id='word_1_275' title='bbox 1431 2982 1480 3029; x_wconf 90' lang='lat' dir='ltr'>re-</span> <span class='ocrx_word' id='word_1_276' title='bbox 1561 2982 1564 3045; x_wconf 78' lang='lat'><em>?</em></span> 
     </span>
     <span class='ocr_line' id='line_1_29' title="bbox 308 3054 1563 3143; baseline -0.001 -17"><span class='ocrx_word' id='word_1_277' title='bbox 308 3075 409 3142; x_wconf 89' lang='lat' dir='ltr'>speetu</span> <span class='ocrx_word' id='word_1_278' title='bbox 431 3066 588 3128; x_wconf 87' lang='lat' dir='ltr'>utilitatem</span> <span class='ocrx_word' id='word_1_279' title='bbox 608 3067 698 3128; x_wconf 87' lang='lat' dir='ltr'>etiam</span> <span class='ocrx_word' id='word_1_280' title='bbox 721 3065 907 3142; x_wconf 88' lang='lat' dir='ltr'>participant.</span> <span class='ocrx_word' id='word_1_281' title='bbox 930 3062 1062 3143; x_wconf 88' lang='lat' dir='ltr'>Denique</span> <span class='ocrx_word' id='word_1_282' title='bbox 1090 3064 1226 3141; x_wconf 90' lang='lat' dir='ltr'>voluptas</span> <span class='ocrx_word' id='word_1_283' title='bbox 1246 3071 1291 3126; x_wconf 85' lang='lat' dir='ltr'>est</span> <span class='ocrx_word' id='word_1_284' title='bbox 1310 3065 1396 3142; x_wconf 87' lang='lat' dir='ltr'>quies</span> <span class='ocrx_word' id='word_1_285' title='bbox 1415 3062 1479 3139; x_wconf 86' lang='lat' dir='ltr'>illa,</span> <span class='ocrx_word' id='word_1_286' title='bbox 1561 3054 1563 3125; x_wconf 69' lang='grc' dir='ltr'>ζ</span> 
     </span>
     <span class='ocr_line' id='line_1_30' title="bbox 307 3150 1562 3242; baseline -0.001 -17"><span class='ocrx_word' id='word_1_287' title='bbox 307 3179 396 3242; x_wconf 85' lang='lat' dir='ltr'>quam</span> <span class='ocrx_word' id='word_1_288' title='bbox 418 3165 567 3242; x_wconf 89' lang='lat' dir='ltr'>appetitus</span> <span class='ocrx_word' id='word_1_289' title='bbox 588 3165 618 3226; x_wconf 90' lang='lat' dir='ltr'>in</span> <span class='ocrx_word' id='word_1_290' title='bbox 640 3163 824 3242; x_wconf 88' lang='lat' dir='ltr'>possessione</span> <span class='ocrx_word' id='word_1_291' title='bbox 845 3163 911 3225; x_wconf 91' lang='lat' dir='ltr'>boni</span> <span class='ocrx_word' id='word_1_292' title='bbox 925 3162 1086 3240; x_wconf 85' lang='lat' dir='ltr'>experitur,</span> <span class='ocrx_word' id='word_1_293' title='bbox 1100 3172 1137 3228; x_wconf 61' lang='lat' dir='ltr'>,et</span> <span class='ocrx_word' id='word_1_294' title='bbox 1158 3164 1264 3224; x_wconf 84' lang='lat' dir='ltr'>bonum</span> <span class='ocrx_word' id='word_1_295' title='bbox 1285 3162 1342 3224; x_wconf 89' lang='lat' dir='ltr'>hac</span> <span class='ocrx_word' id='word_1_296' title='bbox 1363 3161 1479 3224; x_wconf 84' lang='lat' dir='ltr'>ratione</span> <span class='ocrx_word' id='word_1_297' title='bbox 1560 3150 1562 3237; x_wconf 72' lang='lat' dir='ltr'>l</span> 
     </span>
     <span class='ocr_line' id='line_1_31' title="bbox 308 3255 1561 3351; baseline -0.003 -28"><span class='ocrx_word' id='word_1_298' title='bbox 308 3261 479 3324; x_wconf 87' lang='lat' dir='ltr'>delectabile</span> <span class='ocrx_word' id='word_1_299' title='bbox 499 3269 694 3340; x_wconf 90' lang='lat' dir='ltr'>nuncupatur.</span> <span class='ocrx_word' id='word_1_300' title='bbox 716 3258 860 3338; x_wconf 87' lang='lat' dir='ltr'>Exemplo</span> <span class='ocrx_word' id='word_1_301' title='bbox 874 3260 912 3321; x_wconf 90' lang='lat' dir='ltr'>sit</span> <span class='ocrx_word' id='word_1_302' title='bbox 929 3259 1036 3321; x_wconf 88' lang='lat' dir='ltr'>iterum</span> <span class='ocrx_word' id='word_1_303' title='bbox 1057 3255 1141 3323; x_wconf 85' lang='lat' dir='ltr'>cibus</span> <span class='ocrx_word' id='word_1_304' title='bbox 1154 3267 1184 3320; x_wconf 91' lang='lat' dir='ltr'>et</span> <span class='ocrx_word' id='word_1_305' title='bbox 1198 3261 1334 3334; x_wconf 69' lang='lat' dir='ltr'>scientim</span> <span class='ocrx_word' id='word_1_306' title='bbox 1349 3274 1477 3336; x_wconf 89' lang='lat' dir='ltr'>quarum</span> <span class='ocrx_word' id='word_1_307' title='bbox 1558 3260 1561 3351; x_wconf 67' lang='lat' dir='ltr'>l</span> 
     </span>
     <span class='ocr_line' id='line_1_32' title="bbox 307 3356 1475 3438; baseline -0.003 -16"><span class='ocrx_word' id='word_1_308' title='bbox 307 3358 357 3422; x_wconf 89' lang='lat' dir='ltr'>ille</span> <span class='ocrx_word' id='word_1_309' title='bbox 371 3360 519 3434; x_wconf 89' lang='lat' dir='ltr'>sensilem,</span> <span class='ocrx_word' id='word_1_310' title='bbox 533 3360 607 3424; x_wconf 88' lang='lat' dir='ltr'>haec</span> <span class='ocrx_word' id='word_1_311' title='bbox 628 3357 811 3438; x_wconf 89' lang='lat' dir='ltr'>spiritualem</span> <span class='ocrx_word' id='word_1_312' title='bbox 828 3356 1051 3421; x_wconf 86' lang='lat' dir='ltr'>delectationem</span> <span class='ocrx_word' id='word_1_313' title='bbox 1071 3359 1171 3431; x_wconf 82' lang='lat' dir='ltr'>affert3</span> <span class='ocrx_word' id='word_1_314' title='bbox 1191 3356 1260 3419; x_wconf 91' lang='lat' dir='ltr'>licet</span> <span class='ocrx_word' id='word_1_315' title='bbox 1281 3356 1475 3419; x_wconf 90' lang='lat' dir='ltr'>communiter</span> 
     </span>
     <span class='ocr_line' id='line_1_33' title="bbox 307 3454 1549 3535; baseline -0.004 -17"><span class='ocrx_word' id='word_1_316' title='bbox 307 3455 479 3519; x_wconf 88' lang='lat' dir='ltr'>delectabile</span> <span class='ocrx_word' id='word_1_317' title='bbox 500 3457 607 3520; x_wconf 87' lang='lat' dir='ltr'>bonum</span> <span class='ocrx_word' id='word_1_318' title='bbox 623 3457 653 3519; x_wconf 94' lang='lat' dir='ltr'>id</span> <span class='ocrx_word' id='word_1_319' title='bbox 667 3457 793 3535; x_wconf 84' lang='lat' dir='ltr'>dicatur,</span> <span class='ocrx_word' id='word_1_320' title='bbox 807 3456 887 3533; x_wconf 92' lang='lat' dir='ltr'>quod</span> <span class='ocrx_word' id='word_1_321' title='bbox 901 3462 1021 3533; x_wconf 91' lang='lat' dir='ltr'>propter</span> <span class='ocrx_word' id='word_1_322' title='bbox 1041 3455 1133 3518; x_wconf 88' lang='lat' dir='ltr'>solnm</span> <span class='ocrx_word' id='word_1_323' title='bbox 1156 3455 1347 3532; x_wconf 90' lang='lat' dir='ltr'>voluptatem,</span> <span class='ocrx_word' id='word_1_324' title='bbox 1361 3462 1391 3516; x_wconf 88' lang='lat' dir='ltr'>et</span> <span class='ocrx_word' id='word_1_325' title='bbox 1408 3454 1475 3530; x_wconf 93' lang='lat' dir='ltr'>qui·</span> <span class='ocrx_word' id='word_1_326' title='bbox 1545 3524 1549 3533; x_wconf 36' lang='grc' dir='ltr'>Ι</span> 
     </span>
     <span class='ocr_line' id='line_1_34' title="bbox 308 3553 1353 3630; baseline -0.002 -15"><span class='ocrx_word' id='word_1_327' title='bbox 308 3555 374 3616; x_wconf 92' lang='lat' dir='ltr'>dem</span> <span class='ocrx_word' id='word_1_328' title='bbox 395 3553 541 3627; x_wconf 90' lang='lat' dir='ltr'>sensilem,</span> <span class='ocrx_word' id='word_1_329' title='bbox 562 3554 790 3630; x_wconf 87' lang='lat' dir='ltr'>concupiscitur.</span> <span class='ocrx_word' id='word_1_330' title='bbox 1349 3574 1353 3582; x_wconf 72' lang='grc'>’</span> 
     </span>
    </p>

    <p class='ocr_par' dir='ltr' id='par_1_7' title="bbox 307 3649 1476 4120">
     <span class='ocr_line' id='line_1_35' title="bbox 348 3649 1474 3729; baseline -0.005 -14"><span class='ocrx_word' id='word_1_331' title='bbox 348 3649 488 3729; x_wconf 89' lang='lat' dir='ltr'>lamvero,</span> <span class='ocrx_word' id='word_1_332' title='bbox 510 3651 589 3729; x_wconf 89' lang='lat' dir='ltr'>quod</span> <span class='ocrx_word' id='word_1_333' title='bbox 610 3651 812 3713; x_wconf 87' lang='lat' dir='ltr'>tautummodo</span> <span class='ocrx_word' id='word_1_334' title='bbox 832 3649 904 3713; x_wconf 90' lang='lat' dir='ltr'>utile</span> <span class='ocrx_word' id='word_1_335' title='bbox 924 3660 969 3714; x_wconf 84' lang='lat' dir='ltr'>est</span> <span class='ocrx_word' id='word_1_336' title='bbox 990 3666 1042 3713; x_wconf 92' lang='lat' dir='ltr'>nec</span> <span class='ocrx_word' id='word_1_337' title='bbox 1066 3650 1154 3712; x_wconf 87' lang='lat' dir='ltr'>aliam</span> <span class='ocrx_word' id='word_1_338' title='bbox 1181 3665 1232 3727; x_wconf 93' lang='lat' dir='ltr'>per</span> <span class='ocrx_word' id='word_1_339' title='bbox 1253 3665 1284 3711; x_wconf 93' lang='lat' dir='ltr'>se</span> <span class='ocrx_word' id='word_1_340' title='bbox 1316 3650 1474 3712; x_wconf 89' lang='lat' dir='ltr'>bonitatem</span> 
     </span>
     <span class='ocr_line' id='line_1_36' title="bbox 308 3746 1475 3827; baseline -0.002 -17"><span class='ocrx_word' id='word_1_341' title='bbox 308 3749 476 3826; x_wconf 86' lang='lat' dir='ltr'>participat,</span> <span class='ocrx_word' id='word_1_342' title='bbox 497 3749 613 3826; x_wconf 85' lang='lat' dir='ltr'>proprie</span> <span class='ocrx_word' id='word_1_343' title='bbox 633 3764 690 3811; x_wconf 94' lang='lat' dir='ltr'>nou</span> <span class='ocrx_word' id='word_1_344' title='bbox 710 3755 843 3822; x_wconf 67' lang='lat' dir='ltr'>amatum</span> <span class='ocrx_word' id='word_1_345' title='bbox 860 3749 912 3812; x_wconf 91' lang='lat' dir='ltr'>sed</span> <span class='ocrx_word' id='word_1_346' title='bbox 934 3751 963 3811; x_wconf 93' lang='lat' dir='ltr'>iu</span> <span class='ocrx_word' id='word_1_347' title='bbox 984 3748 1055 3827; x_wconf 84' lang='lat' dir='ltr'>ipso‘</span> <span class='ocrx_word' id='word_1_348' title='bbox 1072 3750 1180 3812; x_wconf 86' lang='lat' dir='ltr'>bonum</span> <span class='ocrx_word' id='word_1_349' title='bbox 1201 3748 1273 3810; x_wconf 91' lang='lat' dir='ltr'>illud</span> <span class='ocrx_word' id='word_1_350' title='bbox 1295 3754 1422 3819; x_wconf 88' lang='lat' dir='ltr'>antatur,</span> <span class='ocrx_word' id='word_1_351' title='bbox 1437 3746 1475 3808; x_wconf 89' lang='lat' dir='ltr'>ad</span> 
     </span>
     <span class='ocr_line' id='line_1_37' title="bbox 307 3843 1474 3925; baseline 0 -19"><span class='ocrx_word' id='word_1_352' title='bbox 307 3846 386 3923; x_wconf 93' lang='lat' dir='ltr'>quod</span> <span class='ocrx_word' id='word_1_353' title='bbox 407 3845 630 3924; x_wconf 89' lang='lat' dir='ltr'>adipiscendum</span> <span class='ocrx_word' id='word_1_354' title='bbox 650 3852 697 3908; x_wconf 91' lang='lat' dir='ltr'>est</span> <span class='ocrx_word' id='word_1_355' title='bbox 717 3854 828 3923; x_wconf 87' lang='lat' dir='ltr'>aptum.</span> <span class='ocrx_word' id='word_1_356' title='bbox 850 3843 997 3925; x_wconf 86' lang='lat' dir='ltr'>Voluptas</span> <span class='ocrx_word' id='word_1_357' title='bbox 1019 3862 1072 3908; x_wconf 91' lang='lat' dir='ltr'>seu</span> <span class='ocrx_word' id='word_1_358' title='bbox 1094 3845 1248 3909; x_wconf 90' lang='lat' dir='ltr'>delectatio</span> <span class='ocrx_word' id='word_1_359' title='bbox 1269 3846 1353 3923; x_wconf 81' lang='lat' dir='ltr'>diligi</span> <span class='ocrx_word' id='word_1_360' title='bbox 1378 3852 1474 3922; x_wconf 90' lang='lat' dir='ltr'>potest</span> 
     </span>
     <span class='ocr_line' id='line_1_38' title="bbox 308 3942 1476 4022; baseline 0.001 -20"><span class='ocrx_word' id='word_1_361' title='bbox 308 3950 342 4003; x_wconf 90' lang='lat' dir='ltr'>ut</span> <span class='ocrx_word' id='word_1_362' title='bbox 360 3942 431 4020; x_wconf 90' lang='lat' dir='ltr'>qnid</span> <span class='ocrx_word' id='word_1_363' title='bbox 452 3959 632 4022; x_wconf 84' lang='lat' dir='ltr'>consequens</span> <span class='ocrx_word' id='word_1_364' title='bbox 654 3943 867 4022; x_wconf 90' lang='lat' dir='ltr'>possessionem</span> <span class='ocrx_word' id='word_1_365' title='bbox 888 3945 971 4017; x_wconf 82' lang='lat' dir='ltr'>houi3</span> <span class='ocrx_word' id='word_1_366' title='bbox 993 3950 1082 4021; x_wconf 88' lang='lat' dir='ltr'>atque</span> <span class='ocrx_word' id='word_1_367' title='bbox 1102 3945 1168 4007; x_wconf 91' lang='lat' dir='ltr'>ideo</span> <span class='ocrx_word' id='word_1_368' title='bbox 1189 3952 1308 4021; x_wconf 92' lang='lat' dir='ltr'>propter</span> <span class='ocrx_word' id='word_1_369' title='bbox 1328 3942 1401 4006; x_wconf 91' lang='lat' dir='ltr'>illud</span> <span class='ocrx_word' id='word_1_370' title='bbox 1422 3958 1476 4020; x_wconf 83' lang='lat' dir='ltr'>ap</span> 
     </span>
     <span class='ocr_line' id='line_1_39' title="bbox 308 4040 1474 4120; baseline 0.002 -20"><span class='ocrx_word' id='word_1_371' title='bbox 308 4040 427 4119; x_wconf 88' lang='lat' dir='ltr'>petitur,</span> <span class='ocrx_word' id='word_1_372' title='bbox 448 4057 503 4104; x_wconf 93' lang='lat' dir='ltr'>nou</span> <span class='ocrx_word' id='word_1_373' title='bbox 524 4041 642 4119; x_wconf 91' lang='lat' dir='ltr'>quidem</span> <span class='ocrx_word' id='word_1_374' title='bbox 658 4049 808 4119; x_wconf 86' lang='lat' dir='ltr'>tamquam</span> <span class='ocrx_word' id='word_1_375' title='bbox 822 4042 953 4105; x_wconf 90' lang='lat' dir='ltr'>medium</span> <span class='ocrx_word' id='word_1_376' title='bbox 975 4051 1094 4119; x_wconf 87' lang='lat' dir='ltr'>propter</span> <span class='ocrx_word' id='word_1_377' title='bbox 1107 4044 1196 4103; x_wconf 88' lang='lat' dir='ltr'>finem</span> <span class='ocrx_word' id='word_1_378' title='bbox 1211 4040 1381 4120; x_wconf 91' lang='lat' dir='ltr'>(ridiculum</span> <span class='ocrx_word' id='word_1_379' title='bbox 1395 4040 1474 4108; x_wconf 88' lang='lat' dir='ltr'>enim</span> 
     </span>
    </p>
   </div>
   <div class='ocr_carea' id='block_1_5' title="bbox 356 4231 1026 4296">
    <p class='ocr_par' dir='ltr' id='par_1_8' title="bbox 356 4231 1026 4296">
     <span class='ocr_line' id='line_1_40' title="bbox 356 4231 1026 4296; baseline 0.003 -16"><span class='ocrx_word' id='word_1_380' title='bbox 356 4231 392 4296; x_wconf 79' lang='grc' dir='ltr'>(Ι)</span> <span class='ocrx_word' id='word_1_381' title='bbox 408 4234 521 4283; x_wconf 69' lang='lat' dir='ltr'>stimma</span> <span class='ocrx_word' id='word_1_382' title='bbox 541 4235 640 4284; x_wconf 80' lang='lat' dir='ltr'>Contra</span> <span class='ocrx_word' id='word_1_383' title='bbox 660 4235 785 4289; x_wconf 74' lang='lat' dir='ltr'>Gentiles,</span> <span class='ocrx_word' id='word_1_384' title='bbox 802 4233 844 4285; x_wconf 89' lang='lat' dir='ltr'>lib.</span> <span class='ocrx_word' id='word_1_385' title='bbox 861 4235 900 4293; x_wconf 88' lang='lat' dir='ltr'>Ill,</span> <span class='ocrx_word' id='word_1_386' title='bbox 917 4249 969 4295; x_wconf 85' lang='lat' dir='ltr'>cap.</span> <span class='ocrx_word' id='word_1_387' title='bbox 988 4235 1026 4282; x_wconf 90' lang='grc'>16.</span> 
     </span>
    </p>
   </div>
   <div class='ocr_carea' id='block_1_6' title="bbox 0 0 1584 4934">
    <p class='ocr_par' dir='ltr' id='par_1_9' title="bbox 0 0 1584 4934">
     <span class='ocr_line' id='line_1_41' title="bbox 0 0 1584 4934; baseline 0 0"><span class='ocrx_word' id='word_1_388' title='bbox 0 0 1584 4934; x_wconf 95' lang='lat' dir='ltr'> </span> 
     </span>
    </p>
   </div>
  </div>
 </body>
</html>
