3159 4934
471 324 557 369 curun
575 325 600 365 u.
618 326 653 369 ne
671 321 813 367 socturaru
831 324 908 366 civim
1219 305 1271 367 etit

142 438 204 503 lam
225 454 280 519 age
300 448 436 517 respectu
457 438 651 517 singulorum,
671 438 787 502 etiamsi
809 454 860 516 per
881 454 911 500 se
932 443 961 499 et
981 452 1115 501 seorsum
1137 435 1272 500 conside·

100 550 214 614 remur,
227 539 354 619 quisque
368 538 442 601 citis
456 541 486 600 in
501 539 605 618 primis
626 537 822 616 adstringitur
836 536 942 599 officiis
957 534 1143 597 naturalibus
1155 549 1192 596 ex
1207 536 1272 612 ipsa

99 637 226 700 essentia
247 637 375 716 bominis
403 636 642 709 dimanantibus;
661 650 740 714 quae
760 642 840 697 certe
868 649 920 711 per
942 633 1112 697 societatem
1134 646 1189 694 non
1219 632 1274 695 tol-

100 736 214 809 lumur,
234 735 288 797 sed
308 735 530 797 confirmantur.
545 731 666 809 Deinde,
680 748 716 796 ea
736 732 802 794 iura
824 732 948 795 revereri
970 730 1066 805 debet,
1079 731 1188 809 quibus
1204 746 1275 795 cou-

100 834 184 897 cives
198 833 344 895 donantur
358 848 375 895 a
390 820 454 911 leg'e
474 830 572 905 civili,
586 838 675 909 atque
688 830 799 893 idcirco
813 845 847 893 ea
862 837 1013 907 praestare
1035 836 1149 891 tenetur
1165 829 1273 902 officie,

99 947 180 1010 quae
208 930 352 993 eiusmodi
383 930 498 992 iuribus
528 928 704 1007 respondent
735 936 764 991 et
795 928 853 1007 ipsi
884 926 1039 1005 alegibus
1072 926 1271 1004 imponuntur.

101 1026 223 1103 Deinde,
237 1028 274 1091 ad
294 1028 413 1091 eosdem
428 1029 563 1091 concives
585 1026 725 1105 peculiari
739 1026 895 1089 dilectione
914 1026 1130 1103 prosequendos
1145 1025 1273 1087 adstrin-

101 1126 193 1205 gitur,
213 1134 333 1204 propter
359 1126 516 1189 arctiorem
536 1124 715 1198 relationem,
737 1140 796 1203 qua
818 1139 885 1187 cum
914 1124 951 1185 iis
975 1123 1149 1197 devincitur,
1171 1130 1271 1201 utpote

100 1223 154 1302 qui
174 1224 305 1287 eiusdem
335 1223 468 1302 eorporis
494 1222 615 1287 socialis
637 1230 707 1285 sunt
734 1222 883 1296 membra;
906 1238 942 1285 ex
969 1237 1028 1300 quo
1049 1223 1083 1284 tit
1105 1228 1137 1283 m
1167 1220 1272 1285 ceteris

100 1320 271 1384 bominibus
291 1321 319 1383 in
341 1319 540 1384 benevelentia
561 1320 700 1398 praeterii
722 1319 855 1382 debeant.

143 1416 209 1481 toti.
229 1415 273 1484 lle
293 1433 403 1485 amoro
423 1415 534 1504 paolo.
549 1416 699 1497 Respectu
715 1433 784 1481 uero
799 1416 960 1491 societatis,
975 1417 1013 1479 ad
1028 1433 1115 1495 quam
1134 1418 1271 1495 pertinet,

101 1532 178 1595 opus
196 1523 243 1579 est
263 1524 296 1579 ut
317 1516 391 1579 civis
410 1517 529 1596 cogitet,
549 1532 581 1581 se
601 1514 748 1580 concursu
769 1515 957 1594 reipublicae,
976 1516 1005 1578 in
1028 1532 1085 1594 qua
1107 1522 1195 1579 natus
1216 1524 1271 1589 est,

96 1615 195 1678 omnia
216 1630 292 1693 quae
323 1615 454 1692 possidet
475 1614 637 1692 recepisse,
659 1614 708 1677 cui
741 1613 860 1691 proinde
880 1614 1050 1677 arctissimo
1080 1612 1156 1692 grati
1177 1612 1267 1674 enimi

98 1729 186 1776 sensu
206 1712 362 1792 obligatur.
385 1712 525 1776 Parentes
545 1713 634 1787 enim,
655 1728 673 1774 a
691 1712 801 1791 quibus
822 1718 920 1775 ortum
942 1710 1038 1784 duxit,
1058 1718 1158 1789 partes
1184 1717 1269 1773 eram

98 1812 250 1874 societatis
270 1811 361 1890 illius,
383 1820 472 1889 atque
492 1810 605 1873 nonnisi
625 1809 758 1873 eiusdem
779 1808 958 1873 adminiculo
982 1810 1080 1886 ipsum
1102 1810 1267 1872 nutrierunt

97 1925 134 1972 ac
155 1908 310 1987 disciplina
324 1916 352 1971 et
375 1910 459 1972 bonis
477 1909 593 1972 artibus
613 1911 800 1973 exornarunt.
818 1907 916 1984 Quare
936 1908 1020 1971 illam
1041 1916 1122 1972 tama
1145 1911 1268 1975 caritate

97 2006 252 2085 complecti
267 2008 364 2081 debet,
375 2015 409 2070 ut
422 1992 522 2070 filialis
533 2006 699 2071 dilectionis
711 2005 933 2071 similitudinem
945 2008 1103 2086 quamdam
1119 2010 1266 2073 exbibe‘at.

96 2102 174 2169 Hinc
206 2106 320 2183 patrius
351 2120 449 2179 amon
471 2106 522 2183 qui
554 2106 624 2169 licet
655 2098 836 2169 materialem
867 2106 964 2184 ipsum
988 2105 1096 2181 locum,
1118 2108 1166 2169 ubi
1200 2109 1267 2186 quis

98 2204 195 2267 lucem
215 2204 325 2284 attigit,
345 2203 444 2282 aliqua
465 2204 578 2268 ratione
598 2204 751 2281 respiciam
772 2212 869 2267 tamen
892 2205 1007 2281 proprie
1028 2211 1058 2266 et
1080 2206 1265 2283 potissimum

95 2302 125 2364 in
147 2304 317 2366 societatem
332 2318 521 2381 personarum
541 2304 642 2366 fertur.
658 2300 698 2367 Ut
718 2304 796 2365 enim
818 2304 873 2365 rite
893 2300 1086 2366 Heinecoius:
1101 2326 1118 2359 ‹
1133 2301 1262 2367 Patriam

95 2415 149 2463 nec
170 2401 282 2479 agellus
309 2401 463 2464 constituit
484 2401 521 2464 ad
543 2402 683 2465 orientem
705 2401 750 2464 vel
771 2402 951 2465 occidentem
982 2402 1068 2481 situs,
1090 2416 1142 2466 nec
1164 2410 1264 2464 coetus

95 2499 247 2563 bominum
263 2516 320 2578 qua
341 2502 503 2580 bominum,
517 2502 565 2564 cui
581 2501 679 2580 plures
699 2503 795 2565 inesse
810 2508 932 2579 possunt
952 2499 1088 2580 latrones
1107 2500 1265 2564 nebulones

95 2606 124 2660 et
138 2597 253 2672 stolidi;
267 2599 321 2661 sed
340 2599 405 2678 ipsa
426 2598 476 2662 illa
497 2600 623 2663 societas
643 2600 779 2674 civilis,a
795 2601 879 2663 cuius
899 2601 996 2662 salute
1017 2610 1117 2663 nostra
1131 2599 1262 2662 omnium

96 2696 179 2760 salus
199 2698 304 2775 pendet
320 2696 400 2777 (1).»

136 2793 202 2858 104.
214 2791 292 2862 tritta
305 2793 334 2862 in
346 2794 406 2865 boe
419 2813 529 2865 amore
543 2795 698 2866 cauenda.
719 2795 783 2872 Ona
798 2798 828 2861 in
845 2814 875 2860 re
889 2796 997 2875 duplex
1011 2811 1093 2861 error
1109 2796 1197 2859 vitari
1213 2797 1263 2861 de·

140 3012 176 3073 (1)
190 3012 231 3061 Dc
246 3012 313 3060 Iure
328 3020 384 3060 nat.
400 3020 425 3060 et
440 3021 509 3074 gent.
527 3011 542 3061 l.
557 3011 582 3069 2,
597 3025 620 3060 c.
636 3011 667 3060 x.
752 3000 756 3007 ¹

138 3091 254 3141 Patriam
269 3092 305 3140 sie
322 3090 410 3141 detlnit
426 3091 523 3141 Vattel:
541 3109 555 3138 a
565 3093 602 3142 Le
619 3092 747 3142 termedo
759 3093 851 3154 patrie
863 3099 909 3149 est,
926 3107 954 3143 ce
972 3092 1075 3153 semble,
1092 3109 1162 3143 assez
1179 3109 1263 3143 connu

91 3172 123 3220 de
138 3177 196 3221 tout
211 3171 234 3219 le
251 3174 336 3223 moud
354 3171 510 3237 Gependent,
524 3186 624 3221 comme
645 3187 680 3220 on
695 3171 718 3219 le
735 3172 817 3236 prend
839 3186 870 3219 en
887 3170 1017 3221 differente
1039 3187 1107 3229 sens,
1123 3172 1139 3221 il
1156 3188 1188 3223 ne
1206 3190 1263 3223 sera

91 3265 137 3314 pos
154 3250 243 3299 inutile
260 3252 291 3299 do
306 3251 329 3300 le
346 3252 435 3301 deduir
451 3252 482 3301 ici
499 3252 697 3301 exactement.ll
718 3252 817 3315 signifie
835 3259 1039 3302 communemeut
1055 3240 1139 3303 luitur
1151 3256 1217 3303 dont
1227 3270 1263 3304 on

90 3339 129 3380 cet
145 3332 269 3382 neembre.
286 3332 357 3382 C'est
373 3348 404 3381 en
421 3346 450 3383 ce
466 3348 527 3383 sens
544 3348 594 3397 que
610 3347 674 3381 nous
690 3331 791 3381 l'avous
813 3330 929 3395 employe
946 3332 1009 3383 dans
1033 3335 1070 3383 les
1087 3339 1260 3400 paragraphus

92 3411 250 3476 precedente,
266 3416 293 3461 et
314 3412 376 3476 qu'il
392 3414 446 3463 doit
467 3416 522 3463 etro
538 3413 590 3476 pris
607 3413 671 3462 dans
692 3412 714 3462 le
730 3412 798 3462 droit
818 3414 863 3463 des
885 3428 957 3477 gens.
975 3415 1045 3493 Daue
1068 3431 1101 3465 uu
1124 3432 1183 3467 sens
1206 3419 1263 3483 plus

90 3496 205 3542 resset-re
221 3499 247 3542 et
256 3494 315 3557 plus
327 3493 472 3558 dependant
483 3493 513 3543 de
524 3491 710 3556 l·ecym010gte‚
721 3508 750 3542 ce
761 3499 841 3542 terme
853 3493 953 3557 signifie
969 3494 1054 3553 lutat,
1067 3510 1099 3544 ou
1112 3499 1194 3545 meme
1205 3498 1262 3562 plus

89 3572 321 3637 particulidrement
336 3572 361 3623 le
376 3573 441 3633 ville,
451 3573 474 3622 le
491 3571 548 3633 lieu,
560 3577 594 3623 od
610 3589 657 3623 uos
669 3578 772 3637 parents
787 3574 890 3623 avaient
901 3578 955 3624 leur
968 3574 1093 3635 domicile,
1103 3591 1136 3625 au
1148 3585 1262 3627 moment

90 3655 122 3713 de
139 3660 212 3703 notre
223 3654 365 3704 naissance.
375 3654 412 3703 llo
424 3669 454 3703 ce
469 3670 529 3705 eene
546 3669 578 3703 on
596 3654 632 3705 dit
648 3669 710 3705 avec
725 3654 811 3707 raison
829 3669 877 3719 qne
894 3654 917 3703 le
935 3654 1016 3719 patrie
1033 3670 1065 3704 ne
1078 3670 1105 3705 ee
1117 3664 1178 3721 peut
1189 3659 1264 3707 chan·

89 3748 138 3796 ger
154 3739 180 3781 et
195 3736 313 3783 demeure
329 3733 445 3798 toujoure
462 3732 486 3783 la
504 3737 594 3789 meme,
610 3749 640 3783 eu
659 3733 766 3799 quelque
782 3734 832 3784 lieu
849 3749 899 3798 que
915 3734 970 3785 l'on
988 3749 1016 3783 se
1034 3741 1180 3799 transporta
1197 3738 1261 3789 dene

90 3814 115 3862 le
133 3813 206 3863 suite.
222 3814 261 3864 Un
278 3815 379 3864 homme
401 3814 454 3864 doit
470 3828 606 3863 conserver
628 3814 658 3863 de
674 3813 699 3862 la
715 3814 927 3863 reconnaissance
944 3821 970 3863 et
987 3814 1017 3864 de
1036 3814 1179 3866 l'allection
1196 3833 1261 3881 pour

90 3880 171 3944 t‘litae
187 3896 276 3958 auquel
287 3895 305 3943 il
316 3895 369 3943 doit
380 3910 427 3945 son
444 3895 589 3951 education,
600 3900 625 3943 et
641 3894 703 3942 dont
719 3909 761 3942 ses
778 3901 882 3956 parents
899 3894 994 3943 etaient
1005 3895 1131 3944 membres
1143 3895 1261 3961 lorsqu'il

87 3974 124 4023 lui
141 3975 283 4023 donnerent
299 3974 323 4024 la
334 3974 380 4025 uie.
391 3975 455 4025 Mais
467 3990 565 4024 comme
577 3974 689 4024 diverses
700 3975 802 4025 raisons
813 3974 938 4037 legitimes
952 3981 1064 4037 pourent
1080 3974 1194 4038 l'obliger
1205 3981 1221 4027 a
1232 3993 1261 4027 se

86 4054 182 4105 choisir
203 4069 254 4103 une
270 4060 343 4103 autre
364 4056 454 4119 patrie,
475 4054 649 4113 e'est-d-dire,
664 4058 681 4102 d
696 4053 799 4102 devenir
822 4055 936 4103 membre
958 4053 1040 4103 d'une
1063 4062 1137 4105 autre
1158 4057 1260 4119 societe,

87 4133 174 4199 quand
189 4150 254 4183 nous
271 4134 374 4199 parlous
390 4150 423 4183 en
439 4133 543 4197 general
560 4134 606 4183 des
622 4133 723 4182 devoirs
740 4147 831 4183 envers
848 4133 872 4183 la
883 4135 973 4197 patrie,
986 4150 1017 4183 ou
1032 4136 1085 4185 doit
1097 4137 1219 4187 entendre
1231 4153 1260 4187 ce

6 4214 12 4223 ”
87 4222 168 4263 terme
185 4215 216 4263 de
232 4200 313 4264 l'litat
330 4216 392 4265 dont
409 4230 443 4264 un
459 4216 561 4264 homme
577 4219 617 4262 eet
632 4213 744 4262 membre
761 4212 852 4273 actuel,
868 4214 976 4278 puisque
997 4214 1064 4265 o'est
1083 4216 1147 4266 celui
1168 4218 1258 4281 auquel

87 4294 104 4341 il
122 4308 150 4343 se
165 4294 219 4345 doit
236 4302 292 4345 tout
308 4296 388 4345 entier
404 4300 431 4345 et
448 4310 494 4359 par
509 4294 663 4358 preterence.
676 4311 690 4338 »
709 4294 743 4342 la
758 4294 832 4341 droit
848 4294 891 4341 des
908 4310 982 4359 pens,
1000 4301 1018 4344 t.
1036 4296 1058 4357 l,
1075 4296 1089 4346 Ι.
1107 4297 1124 4355 Ι,
1140 4298 1178 4347 elt.
1196 4298 1239 4347 Xl.
