3159 4934
409 377 494 420 mrur
511 377 537 420 u.
556 379 590 420 os
609 377 750 420 maturare
769 379 849 421 crvmr
1161 365 1215 422 269
1248 342 1250 347 ⁵

37 490 159 554 aliunde
173 489 334 570 colligitur,
348 491 403 554 uisi
420 491 515 554 velex
529 492 731 569 improborum
746 491 937 566 clamoribus,
953 494 1047 556 velex
1063 493 1210 556 venalium

37 589 261 667 ephemeridum
283 591 514 669 sophismatibus
534 598 564 653 et
586 591 754 656 mendaciis.
778 589 888 656 Deinde
912 592 1081 656 huiusmodi
1103 593 1211 672 princi·

38 689 124 764 pium
145 687 205 750 huc
235 688 336 798 tendit,
356 695 389 750 ut
390 687 592 788 pluralitas
584 705 614 750 ru
643 688 782 753 societate
803 689 980 752 dominetur.
1003 687 1036 752 ld
1057 705 1126 752 vero
1155 706 1212 753 uon

37 785 122 848 aliud
142 793 198 858 est,
221 773 282 848 oi'si
295 779 358 849 vim
386 786 443 848 iuri
408 765 660 860 substituere3
683 787 836 864 pluralitas
858 787 946 864 euim,
968 805 1021 850 seu
1044 789 1135 853 maior
1157 805 1211 850 nu·

39 899 150 963 merus
166 899 217 962 per
237 900 268 947 se
282 900 338 948 uon
358 884 496 963 exprimit
510 885 566 947 nisi
586 885 655 948 vim.
671 883 764 949 Immo
780 885 848 948 talis
863 893 920 962 est,
937 892 969 946 ut
983 902 1039 949 nnn
1053 885 1212 950 difficulter

38 982 181 1044 credatur
201 996 275 1057 esse,
289 997 356 1044 cum
379 998 433 1046 nou
455 983 509 1056 sit;
530 992 674 1061 quatenus
695 988 806 1046 terrore
828 982 912 1044 bonis
932 983 1051 1046 incusso
1070 992 1100 1046 et
1120 983 1213 1045 auda·

39 1079 157 1142 ciorum
177 1079 370 1158 quorumdam
392 1080 504 1142 adscita
526 1079 652 1153 licentia,
674 1080 791 1156 publica
813 1079 911 1156 opinio
929 1079 1098 1154 simuletur,
1121 1091 1211 1158 atque

39 1177 86 1239 ita
109 1178 194 1254 pauci
217 1185 340 1251 tantum,
354 1177 405 1256 qui
427 1177 562 1240 violentia
591 1184 644 1239 aut
663 1176 750 1239 malis
770 1177 885 1239 artibus
914 1177 1091 1255 suffragium
1114 1177 1212 1254 populi

39 1275 243 1347 obtinuerunt,
262 1275 370 1337 durum
391 1275 571 1338 dominatum
592 1276 778 1337 exercebunt.

82 1371 215 1436 Tertium
230 1372 335 1437 vitium
349 1381 394 1436 est
408 1374 467 1437 iere
482 1372 628 1463 completa
643 1374 741 1451 regiae
755 1372 941 1435 auctoritatis
956 1373 1131 1471 peremptio3
1144 1387 1213 1434 cum

41 1470 182 1549 princeps
203 1471 240 1532 ad
262 1472 318 1534 hoc
339 1476 453 1534 tautum
475 1487 492 1533 a
514 1447 661 1548 plerisque
688 1469 789 1534 reduci
812 1470 890 1544 velit,
913 1477 946 1532 ut
966 1470 1046 1548 leges
1068 1487 1085 1531 a
1107 1486 1139 1532 se
1160 1485 1214 1532 uec

41 1567 211 1661 propositas
224 1584 276 1632 uec
298 1567 450 1630 discussas
465 1569 644 1643 subscribat,
659 1575 690 1630 ct
703 1568 893 1631 administros
907 1568 946 1630 ad
962 1569 1119 1631 arbitrium
1136 1565 1214 1630 Cou-

40 1667 135 1731 cionis
134 1649 208 1745 idel
224 1650 439 1744 Pcrlcmeo'to)
454 1673 622 1730 commutet.
636 1664 670 1730 ld
692 1682 760 1729 vero
773 1681 830 1729 uon
851 1666 938 1730 modo
957 1666 1067 1745 regiam
1083 1666 1213 1744 diguita-

40 1773 102 1828 tem
126 1765 257 1838 dedeem,
278 1766 330 1827 sed
351 1766 475 1843 principi
497 1767 626 1829 officium
647 1765 769 1843 imponit
789 1765 900 1844 quoda
915 1767 1039 1838 nemine,
1053 1767 1104 1843 qui
1124 1781 1212 1827 sensu

40 1862 160 1926 decoris
174 1869 203 1925 et
220 1864 380 1926 honestatis
395 1871 541 1944 tangatur,
558 1863 705 1940 acceptari
727 1871 832 1940 potest.
848 1860 969 1941 Insuper
990 1864 1085 1926 ordini
1107 1863 1211 1926 sociali

40 1945 452 2023 vitaffomuiuus'bbtrahit:
474 1977 549 2040 quae
570 1961 683 2023 nonnisi
704 1976 741 2022 ex
762 1961 940 2024 auctoritate
962 1978 1028 2038 uua,
1043 1976 1121 2040 quae
1142 1961 1215 2023 iule-

41 2058 122 2122 riora
142 2073 251 2136 organa
274 2065 389 2120 moveat
408 2065 437 2120 et
459 2065 561 2120 mutuo
581 2066 766 2136 attemperet,
780 2058 943 2120 derivatur.

82 2153 229 2229 Quartum
245 2155 349 2219 vitium
364 2164 408 2218 cst
422 2157 576 2218 condictus
593 2155 729 2233 politicus
746 2157 884 2232 partium,
894 2171 982 2234 quem
998 2158 1084 2219 iovet.
1097 2154 1211 2234 Dogma

42 2254 122 2316 euim
143 2260 189 2315 est
209 2252 376 2331 systematis
396 2241 644 2330 repraesentatio,
660 2245 794 2331 siugulas'
812 2248 972 2316 divisiones
996 2254 1131 2331 politicas
1146 2270 1215 2330 gra-

42 2351 139 2412 datim
153 2365 227 2422 esse,
243 2364 295 2427 pro
315 2358 480 2427 temporum
501 2352 728 2428 opportunitate,
742 2352 780 2414 ad
796 2351 969 2429 gubernium
987 2351 1211 2428 promovendas:

42 2464 78 2510 ex
99 2464 161 2526 quo
184 2449 277 2514 oritur
305 2465 410 2527 magua
437 2452 601 2513 animorum
629 2450 825 2529 discrepantia
845 2458 875 2512 et
902 2449 983 2512 lucta
1013 2451 1157 2528 perennis,
1180 2457 1214 2511 ut

41 2561 177 2625 quaeque
191 2561 260 2624 pars
280 2547 411 2609 habenas
424 2546 602 2626 reipublicae
623 2549 740 2610 taudem
756 2547 887 2625 arripiat.
903 2544 936 2609 ld
950 2554 1048 2609 autem
1067 2557 1208 2624 perpetuo

41 2644 203 2707 tactionum
225 2644 359 2723 regimini
379 2645 548 2726 societatem
569 2646 697 2723 exponit,
711 2647 833 2724 eiusque
846 2644 962 2708 formali
983 2645 1137 2721 conceptui
1160 2645 1214 2706 ad-

42 2746 195 2816 versatum
214 2742 265 2819 qui
290 2743 319 2803 iu
341 2743 495 2804 concordia
521 2743 631 2805 civium
652 2745 729 2807 situs
756 2750 811 2816 est,
834 2751 866 2804 ut
893 2759 1006 2816 omues,
1026 2744 1124 2821 quoad
1146 2743 1211 2804 lieri

43 2845 152 2918 potest,
166 2839 243 2902 idem
266 2840 401 2914 sentiant,
415 2840 493 2902 idem
517 2840 616 2913 velint,
631 2849 659 2902 et
680 2841 759 2902 idem
776 2848 1000 2918 prosequantur.
1017 2839 1117 2918 Atque
1138 2843 1213 2902 haec

43 2946 113 3000 suut
140 2936 211 3001 vitia
240 2939 408 3016 praecipua,
428 2954 504 3016 quae
531 2955 549 3001 a
572 2947 733 3017 systemate
762 2938 1009 3017 repraesentativo
1037 2937 1214 3000 removenda
1263 2960 1265 2964 ’

43 3037 148 3110 loreut,
163 3042 264 3113 utpote
285 3036 361 3100 bono
380 3037 527 3099 communi
548 3037 704 3116 contraria,
719 3045 748 3099 et
770 3053 838 3100 cum
860 3036 989 3098 essentia
1010 3035 1090 3097 illius
1103 3036 1215 3098 lormae

44 3132 183 3210 politicae
203 3134 369 3196 necessario
392 3133 507 3196 vinculo
527 3149 583 3197 uon
604 3150 744 3197 connexa.

427 3347 601 3412 Solvuntur
621 3309 833 3429 difficultates.

86 3521 136 3588 73.
153 3521 245 3588 Obiic.
259 3533 360 3589 contra
377 3526 502 3605 primam
518 3527 754 3605 propositionem.
768 3525 877 3591 Forma
893 3526 1141 3605 leprinianum
1157 3542 1213 3588 uon

47 3621 204 3701 progignit,
219 3623 276 3686 nisi
291 3623 432 3686 bonorum
447 3625 664 3701 oppressionem
678 3633 707 3687 et
724 3625 925 3702 improborum
948 3624 1107 3697 licentiam,
1123 3638 1214 3700 prava

46 3726 94 3782 est
116 3733 166 3796 per
186 3735 225 3782 se.
241 3719 334 3798 Atqui
348 3719 379 3784 id
399 3722 470 3784 iacit
484 3723 576 3784 iorma
591 3722 740 3801 regiminis
755 3723 1006 3800 repraesentativi,
1022 3728 1055 3782 ut
1076 3729 1215 3784 constans

45 3817 224 3895 experientia
245 3818 434 3881 demonstrat.
449 3818 528 3898 Ergo
542 3821 621 3882 mala
635 3828 682 3882 est
702 3835 753 3898 per
768 3835 810 3883 se.
826 3817 910 3894 Quod
924 3825 1022 3882 autem
1044 3827 1089 3882 est
1104 3819 1215 3881 malum

46 3929 100 3992 per
122 3929 163 3988 se,
179 3916 218 3977 ad
239 3915 433 3978 obedientiam
455 3932 511 3979 uon
532 3917 652 3995 obligat.

85 4009 124 4076 R.
139 4009 225 4074 Dist.
240 4012 321 4076 mni·
336 4010 443 4077 Forma
457 4031 533 4092 quae
547 4032 607 4092 per
628 4031 660 4077 se
681 4017 830 4095 progignit
842 4018 1063 4094 oppressionem
1077 4023 1107 4076 et
1127 4014 1216 4076 liceu-

48 4108 130 4185 tiam,
144 4118 191 4172 est
211 4126 300 4187 prava
323 4126 430 4188 perse,
445 4129 534 4188 conc;
549 4127 624 4191 quae
639 4114 787 4192 progignit
809 4113 859 4175 illa
872 4112 948 4174 mala
970 4128 1028 4176 uou
1050 4128 1102 4191 per
1120 4129 1151 4174 se
1165 4113 1217 4175 sed

48 4223 100 4285 per
113 4205 265 4285 accidens,
277 4223 359 4288 nego.
368 4208 417 4272 Ad
431 4209 579 4272 minorem
596 4211 704 4288 pariter
718 4209 799 4273 dist:
810 4209 918 4274 Forma
933 4211 1086 4289 regiminis
1100 4227 1219 4289 reprae-

48 4305 184 4370 sentativi
207 4305 355 4386 progignit
376 4306 453 4370 mala
475 4307 524 4369 illa
546 4322 597 4386 per
616 4323 657 4384 se,
672 4325 766 4388 aepo;
790 4324 841 4387 per
861 4308 1010 4383 accidens,
1024 4306 1176 4372 concedo.-
