<?xml version="1.0" encoding="UTF-8"?>
<!DOCTYPE html PUBLIC "-//W3C//DTD XHTML 1.0 Transitional//EN"
    "http://www.w3.org/TR/xhtml1/DTD/xhtml1-transitional.dtd">
<html xmlns="http://www.w3.org/1999/xhtml" xml:lang="en" lang="en">
 <head>
  <title>
</title>
<meta http-equiv="Content-Type" content="text/html;charset=utf-8" />
  <meta name='ocr-system' content='tesseract 3.04.00' />
  <meta name='ocr-capabilities' content='ocr_page ocr_carea ocr_par ocr_line ocrx_word'/>
</head>
<body>
  <div class='ocr_page' id='page_1' title='image "./institutioneset00libegoog_0311.png"; bbox 0 0 3159 4934; ppageno 0'>
   <div class='ocr_carea' id='block_1_1' title="bbox 302 326 1151 385">
    <p class='ocr_par' dir='ltr' id='par_1_1' title="bbox 302 326 1151 385">
     <span class='ocr_line' id='line_1_1' title="bbox 302 326 1151 385; baseline 0.001 -1"><span class='ocrx_word' id='word_1_1' title='bbox 302 326 356 384; x_wconf 83' lang='lat'><strong>306</strong></span> <span class='ocrx_word' id='word_1_2' title='bbox 624 342 667 384; x_wconf 88' lang='lat' dir='ltr'><strong>rus</strong></span> <span class='ocrx_word' id='word_1_3' title='bbox 682 340 809 383; x_wconf 76' lang='lat' dir='ltr'><strong>namura</strong></span> <span class='ocrx_word' id='word_1_4' title='bbox 826 359 836 367; x_wconf 95' lang='lat'>-</span> <span class='ocrx_word' id='word_1_5' title='bbox 856 340 922 383; x_wconf 81' lang='lat' dir='ltr'><strong>runs</strong></span> <span class='ocrx_word' id='word_1_6' title='bbox 939 343 964 383; x_wconf 89' lang='lat' dir='ltr'><strong>n.</strong></span> <span class='ocrx_word' id='word_1_7' title='bbox 983 340 1026 385; x_wconf 90' lang='lat' dir='ltr'><strong>rus</strong></span> <span class='ocrx_word' id='word_1_8' title='bbox 1041 341 1151 385; x_wconf 77' lang='lat' dir='ltr'><strong>mnata</strong></span> 
     </span>
    </p>
   </div>
   <div class='ocr_carea' id='block_1_2' title="bbox 256 452 1567 2493">
    <p class='ocr_par' dir='ltr' id='par_1_2' title="bbox 256 452 1565 1900">
     <span class='ocr_line' id='line_1_2' title="bbox 300 452 1563 534; baseline -0.001 -15"><span class='ocrx_word' id='word_1_9' title='bbox 300 463 373 519; x_wconf 92' lang='lat' dir='ltr'><strong>rent.</strong></span> <span class='ocrx_word' id='word_1_10' title='bbox 389 452 430 519; x_wconf 90' lang='lat' dir='ltr'><strong>Ut</strong></span> <span class='ocrx_word' id='word_1_11' title='bbox 444 455 521 517; x_wconf 91' lang='lat' dir='ltr'><strong>enim</strong></span> <span class='ocrx_word' id='word_1_12' title='bbox 543 455 632 517; x_wconf 89' lang='lat' dir='ltr'><strong>humo</strong></span> <span class='ocrx_word' id='word_1_13' title='bbox 645 452 825 527; x_wconf 85' lang='lat' dir='ltr'><strong>individuus,</strong></span> <span class='ocrx_word' id='word_1_14' title='bbox 840 453 883 517; x_wconf 87' lang='lat' dir='ltr'><strong>sic</strong></span> <span class='ocrx_word' id='word_1_15' title='bbox 903 454 993 516; x_wconf 89' lang='lat' dir='ltr'><strong>etiam</strong></span> <span class='ocrx_word' id='word_1_16' title='bbox 1011 455 1207 518; x_wconf 88' lang='lat' dir='ltr'><strong>communitas</strong></span> <span class='ocrx_word' id='word_1_17' title='bbox 1221 455 1251 517; x_wconf 96' lang='lat' dir='ltr'><strong>in</strong></span> <span class='ocrx_word' id='word_1_18' title='bbox 1273 462 1388 517; x_wconf 86' lang='lat' dir='ltr'><strong>tantum</strong></span> <span class='ocrx_word' id='word_1_19' title='bbox 1404 471 1485 534; x_wconf 88' lang='lat' dir='ltr'><strong>spe-</strong></span> <span class='ocrx_word' id='word_1_20' title='bbox 1562 500 1563 505; x_wconf 48' lang='lat'><strong>.</strong></span> 
     </span>
     <span class='ocr_line' id='line_1_3' title="bbox 301 552 1482 630; baseline -0.002 -13"><span class='ocrx_word' id='word_1_21' title='bbox 301 553 418 617; x_wconf 87' lang='lat' dir='ltr'><strong>utabilis</strong></span> <span class='ocrx_word' id='word_1_22' title='bbox 437 561 493 626; x_wconf 89' lang='lat' dir='ltr'><strong>est,</strong></span> <span class='ocrx_word' id='word_1_23' title='bbox 512 553 544 614; x_wconf 93' lang='lat' dir='ltr'><strong>iu</strong></span> <span class='ocrx_word' id='word_1_24' title='bbox 563 557 707 630; x_wconf 91' lang='lat' dir='ltr'><strong>quantum</strong></span> <span class='ocrx_word' id='word_1_25' title='bbox 728 552 837 615; x_wconf 86' lang='lat' dir='ltr'><strong>virtute</strong></span> <span class='ocrx_word' id='word_1_26' title='bbox 857 558 887 615; x_wconf 94' lang='lat' dir='ltr'><strong>et</strong></span> <span class='ocrx_word' id='word_1_27' title='bbox 907 552 1037 615; x_wconf 76' lang='lat' dir='ltr'><strong>honestis</strong></span> <span class='ocrx_word' id='word_1_28' title='bbox 1057 554 1188 616; x_wconf 89' lang='lat' dir='ltr'><strong>moribus</strong></span> <span class='ocrx_word' id='word_1_29' title='bbox 1215 564 1353 627; x_wconf 89' lang='lat' dir='ltr'><strong>ornatur;</strong></span> <span class='ocrx_word' id='word_1_30' title='bbox 1375 553 1482 615; x_wconf 87' lang='lat' dir='ltr'><strong>virtus</strong></span> 
     </span>
     <span class='ocr_line' id='line_1_4' title="bbox 299 649 1480 730; baseline -0.002 -15"><span class='ocrx_word' id='word_1_31' title='bbox 299 659 399 715; x_wconf 89' lang='lat' dir='ltr'><strong>antem</strong></span> <span class='ocrx_word' id='word_1_32' title='bbox 414 650 567 730; x_wconf 89' lang='lat' dir='ltr'><strong>puleriqne</strong></span> <span class='ocrx_word' id='word_1_33' title='bbox 577 665 675 713; x_wconf 86' lang='lat' dir='ltr'><strong>mures</strong></span> <span class='ocrx_word' id='word_1_34' title='bbox 688 651 719 711; x_wconf 94' lang='lat' dir='ltr'><strong>iu</strong></span> <span class='ocrx_word' id='word_1_35' title='bbox 732 650 872 729; x_wconf 81' lang='lat' dir='ltr'><strong>religione</strong></span> <span class='ocrx_word' id='word_1_36' title='bbox 886 650 1052 713; x_wconf 86' lang='lat' dir='ltr'><strong>tundantur.</strong></span> <span class='ocrx_word' id='word_1_37' title='bbox 1064 649 1139 714; x_wconf 88' lang='lat' dir='ltr'><strong>Saue</strong></span> <span class='ocrx_word' id='word_1_38' title='bbox 1153 652 1180 713; x_wconf 92' lang='lat' dir='ltr'><strong>si</strong></span> <span class='ocrx_word' id='word_1_39' title='bbox 1194 650 1305 714; x_wconf 84' lang='lat' dir='ltr'><strong>civium</strong></span> <span class='ocrx_word' id='word_1_40' title='bbox 1319 651 1480 714; x_wconf 88' lang='lat' dir='ltr'><strong>honestati</strong></span> 
     </span>
     <span class='ocr_line' id='line_1_5' title="bbox 300 747 1479 827; baseline -0.003 -12"><span class='ocrx_word' id='word_1_41' title='bbox 300 759 398 815; x_wconf 88' lang='lat' dir='ltr'><strong>cetera</strong></span> <span class='ocrx_word' id='word_1_42' title='bbox 408 749 607 827; x_wconf 87' lang='lat' dir='ltr'><strong>adiungantur</strong></span> <span class='ocrx_word' id='word_1_43' title='bbox 621 749 706 821; x_wconf 88' lang='lat' dir='ltr'><strong>bona,</strong></span> <span class='ocrx_word' id='word_1_44' title='bbox 716 761 753 809; x_wconf 81' lang='lat' dir='ltr'><strong>ex</strong></span> <span class='ocrx_word' id='word_1_45' title='bbox 767 747 876 825; x_wconf 92' lang='lat' dir='ltr'><strong>quibus</strong></span> <span class='ocrx_word' id='word_1_46' title='bbox 888 747 984 811; x_wconf 87' lang='lat' dir='ltr'><strong>virtus</strong></span> <span class='ocrx_word' id='word_1_47' title='bbox 995 747 1086 810; x_wconf 92' lang='lat' dir='ltr'><strong>veluti</strong></span> <span class='ocrx_word' id='word_1_48' title='bbox 1101 748 1253 812; x_wconf 78' lang='lat' dir='ltr'><strong>materiam</strong></span> <span class='ocrx_word' id='word_1_49' title='bbox 1265 756 1420 811; x_wconf 90' lang='lat' dir='ltr'><strong>mutuetur</strong></span> <span class='ocrx_word' id='word_1_50' title='bbox 1434 750 1479 812; x_wconf 91' lang='lat' dir='ltr'><strong>ad</strong></span> 
     </span>
     <span class='ocr_line' id='line_1_6' title="bbox 299 844 1564 925; baseline 0.001 -15"><span class='ocrx_word' id='word_1_51' title='bbox 299 850 360 911; x_wconf 83' lang='lat' dir='ltr'><strong>vim</strong></span> <span class='ocrx_word' id='word_1_52' title='bbox 380 862 466 909; x_wconf 87' lang='lat' dir='ltr'><strong>suam</strong></span> <span class='ocrx_word' id='word_1_53' title='bbox 487 845 630 922; x_wconf 89' lang='lat' dir='ltr'><strong>ampliore</strong></span> <span class='ocrx_word' id='word_1_54' title='bbox 651 859 725 922; x_wconf 77' lang='lat' dir='ltr'><strong>gyro</strong></span> <span class='ocrx_word' id='word_1_55' title='bbox 745 844 964 921; x_wconf 80' lang='lat' dir='ltr'><strong>explicandam3</strong></span> <span class='ocrx_word' id='word_1_56' title='bbox 980 846 1087 907; x_wconf 90' lang='lat' dir='ltr'><strong>nemini</strong></span> <span class='ocrx_word' id='word_1_57' title='bbox 1110 846 1231 909; x_wconf 92' lang='lat' dir='ltr'><strong>dubium</strong></span> <span class='ocrx_word' id='word_1_58' title='bbox 1252 848 1310 909; x_wconf 90' lang='lat' dir='ltr'><strong>erit</strong></span> <span class='ocrx_word' id='word_1_59' title='bbox 1330 847 1402 925; x_wconf 92' lang='lat' dir='ltr'><strong>quin</strong></span> <span class='ocrx_word' id='word_1_60' title='bbox 1424 863 1480 911; x_wconf 91' lang='lat' dir='ltr'><strong>su-</strong></span> <span class='ocrx_word' id='word_1_61' title='bbox 1563 918 1564 925; x_wconf 7' lang='grc' dir='ltr'>χ</span> 
     </span>
     <span class='ocr_line' id='line_1_7' title="bbox 299 941 1476 1025; baseline -0.002 -17"><span class='ocrx_word' id='word_1_62' title='bbox 299 946 392 1025; x_wconf 83' lang='lat' dir='ltr'><strong>rietes</strong></span> <span class='ocrx_word' id='word_1_63' title='bbox 405 944 454 1006; x_wconf 90' lang='lat' dir='ltr'><strong>bis</strong></span> <span class='ocrx_word' id='word_1_64' title='bbox 473 942 605 1021; x_wconf 82' lang='lat' dir='ltr'><strong>locuples</strong></span> <span class='ocrx_word' id='word_1_65' title='bbox 619 941 704 1004; x_wconf 91' lang='lat' dir='ltr'><strong>alteri</strong></span> <span class='ocrx_word' id='word_1_66' title='bbox 724 942 859 1005; x_wconf 91' lang='lat' dir='ltr'><strong>societati</strong></span> <span class='ocrx_word' id='word_1_67' title='bbox 874 942 1039 1017; x_wconf 89' lang='lat' dir='ltr'><strong>antecellat,</strong></span> <span class='ocrx_word' id='word_1_68' title='bbox 1053 959 1128 1021; x_wconf 92' lang='lat' dir='ltr'><strong>quae</strong></span> <span class='ocrx_word' id='word_1_69' title='bbox 1143 942 1203 1007; x_wconf 90' lang='lat' dir='ltr'><strong>sola</strong></span> <span class='ocrx_word' id='word_1_70' title='bbox 1226 944 1334 1007; x_wconf 90' lang='lat' dir='ltr'><strong>virtute</strong></span> <span class='ocrx_word' id='word_1_71' title='bbox 1354 944 1476 1021; x_wconf 91' lang='lat' dir='ltr'><strong>polleat.</strong></span> 
     </span>
     <span class='ocr_line' id='line_1_8' title="bbox 300 1040 1476 1114; baseline 0 -9"><span class='ocrx_word' id='word_1_72' title='bbox 300 1042 343 1105; x_wconf 82' lang='lat' dir='ltr'><strong>At</strong></span> <span class='ocrx_word' id='word_1_73' title='bbox 356 1043 383 1104; x_wconf 89' lang='lat' dir='ltr'><strong>si</strong></span> <span class='ocrx_word' id='word_1_74' title='bbox 397 1042 535 1106; x_wconf 90' lang='lat' dir='ltr'><strong>omnibus</strong></span> <span class='ocrx_word' id='word_1_75' title='bbox 556 1040 625 1102; x_wconf 89' lang='lat' dir='ltr'><strong>aliis</strong></span> <span class='ocrx_word' id='word_1_76' title='bbox 640 1040 744 1102; x_wconf 86' lang='lat' dir='ltr'><strong>affluat</strong></span> <span class='ocrx_word' id='word_1_77' title='bbox 762 1040 856 1114; x_wconf 84' lang='lat' dir='ltr'><strong>botrie,</strong></span> <span class='ocrx_word' id='word_1_78' title='bbox 870 1040 979 1103; x_wconf 85' lang='lat' dir='ltr'><strong>virtute</strong></span> <span class='ocrx_word' id='word_1_79' title='bbox 998 1048 1095 1103; x_wconf 90' lang='lat' dir='ltr'><strong>autem</strong></span> <span class='ocrx_word' id='word_1_80' title='bbox 1112 1042 1157 1104; x_wconf 89' lang='lat' dir='ltr'><strong>vel</strong></span> <span class='ocrx_word' id='word_1_81' title='bbox 1178 1049 1277 1105; x_wconf 87' lang='lat' dir='ltr'><strong>eareat</strong></span> <span class='ocrx_word' id='word_1_82' title='bbox 1299 1042 1344 1105; x_wconf 83' lang='lat' dir='ltr'><strong>vel</strong></span> <span class='ocrx_word' id='word_1_83' title='bbox 1365 1042 1476 1105; x_wconf 90' lang='lat' dir='ltr'><strong>leviter</strong></span> 
     </span>
     <span class='ocr_line' id='line_1_9' title="bbox 299 1137 1475 1219; baseline 0.001 -15"><span class='ocrx_word' id='word_1_84' title='bbox 299 1142 471 1212; x_wconf 90' lang='lat' dir='ltr'><strong>imbuatur;</strong></span> <span class='ocrx_word' id='word_1_85' title='bbox 492 1137 577 1219; x_wconf 89' lang='lat' dir='ltr'><strong>longe</strong></span> <span class='ocrx_word' id='word_1_86' title='bbox 590 1138 708 1200; x_wconf 88' lang='lat' dir='ltr'><strong>inierior</strong></span> <span class='ocrx_word' id='word_1_87' title='bbox 729 1138 887 1201; x_wconf 88' lang='lat' dir='ltr'><strong>habebitur</strong></span> <span class='ocrx_word' id='word_1_88' title='bbox 899 1154 934 1202; x_wconf 92' lang='lat' dir='ltr'><strong>ea</strong></span> <span class='ocrx_word' id='word_1_89' title='bbox 955 1139 1104 1214; x_wconf 87' lang='lat' dir='ltr'><strong>societate,</strong></span> <span class='ocrx_word' id='word_1_90' title='bbox 1117 1155 1203 1218; x_wconf 90' lang='lat' dir='ltr'><strong>qnae,</strong></span> <span class='ocrx_word' id='word_1_91' title='bbox 1216 1139 1285 1203; x_wconf 89' lang='lat' dir='ltr'><strong>licet</strong></span> <span class='ocrx_word' id='word_1_92' title='bbox 1304 1148 1475 1205; x_wconf 88' lang='lat' dir='ltr'><strong>ceterorum</strong></span> 
     </span>
     <span class='ocr_line' id='line_1_10' title="bbox 300 1234 1475 1317; baseline -0.001 -14"><span class='ocrx_word' id='word_1_93' title='bbox 300 1241 442 1303; x_wconf 90' lang='lat' dir='ltr'><strong>bonorum</strong></span> <span class='ocrx_word' id='word_1_94' title='bbox 455 1236 577 1315; x_wconf 90' lang='lat' dir='ltr'><strong>penuria</strong></span> <span class='ocrx_word' id='word_1_95' title='bbox 589 1236 713 1315; x_wconf 86' lang='lat' dir='ltr'><strong>laboret,</strong></span> <span class='ocrx_word' id='word_1_96' title='bbox 729 1236 837 1299; x_wconf 87' lang='lat' dir='ltr'><strong>uirtute</strong></span> <span class='ocrx_word' id='word_1_97' title='bbox 849 1243 946 1298; x_wconf 93' lang='lat' dir='ltr'><strong>tamen</strong></span> <span class='ocrx_word' id='word_1_98' title='bbox 956 1237 994 1297; x_wconf 88' lang='lat' dir='ltr'><strong>sit</strong></span> <span class='ocrx_word' id='word_1_99' title='bbox 1008 1244 1168 1314; x_wconf 88' lang='lat' dir='ltr'><strong>praestans.</strong></span> <span class='ocrx_word' id='word_1_100' title='bbox 1179 1234 1263 1300; x_wconf 89' lang='lat' dir='ltr'><strong>Haec</strong></span> <span class='ocrx_word' id='word_1_101' title='bbox 1273 1238 1352 1299; x_wconf 90' lang='lat' dir='ltr'><strong>eninr</strong></span> <span class='ocrx_word' id='word_1_102' title='bbox 1367 1254 1475 1317; x_wconf 78' lang='lat' dir='ltr'><strong>reapse</strong></span> 
     </span>
     <span class='ocr_line' id='line_1_11' title="bbox 300 1324 1565 1414; baseline 0 -15"><span class='ocrx_word' id='word_1_103' title='bbox 300 1339 388 1399; x_wconf 87' lang='lat' dir='ltr'><strong>finem</strong></span> <span class='ocrx_word' id='word_1_104' title='bbox 409 1341 573 1413; x_wconf 82' lang='lat' dir='ltr'><strong>assequuta</strong></span> <span class='ocrx_word' id='word_1_105' title='bbox 593 1341 673 1395; x_wconf 89' lang='lat' dir='ltr'><strong>esset</strong></span> <span class='ocrx_word' id='word_1_106' title='bbox 686 1349 721 1395; x_wconf 90' lang='lat' dir='ltr'><strong>ac</strong></span> <span class='ocrx_word' id='word_1_107' title='bbox 737 1332 909 1396; x_wconf 90' lang='lat' dir='ltr'><strong>dulcissima</strong></span> <span class='ocrx_word' id='word_1_108' title='bbox 931 1333 1143 1412; x_wconf 91' lang='lat' dir='ltr'><strong>tranquillitate</strong></span> <span class='ocrx_word' id='word_1_109' title='bbox 1158 1336 1309 1413; x_wconf 79' lang='lat' dir='ltr'><strong>gauderet,</strong></span> <span class='ocrx_word' id='word_1_110' title='bbox 1322 1352 1401 1414; x_wconf 92' lang='lat' dir='ltr'><strong>quae</strong></span> <span class='ocrx_word' id='word_1_111' title='bbox 1415 1353 1475 1401; x_wconf 91' lang='lat' dir='ltr'><strong>non</strong></span> <span class='ocrx_word' id='word_1_112' title='bbox 1564 1324 1565 1355; x_wconf 67' lang='lat'><em>³</em></span> 
     </span>
     <span class='ocr_line' id='line_1_12' title="bbox 256 1428 1476 1513; baseline 0.001 -17"><span class='ocrx_word' id='word_1_113' title='bbox 256 1504 258 1507; x_wconf 10' lang='grc' dir='ltr'><em>Α</em></span> <span class='ocrx_word' id='word_1_114' title='bbox 301 1433 418 1497; x_wconf 79' lang='lat' dir='ltr'><strong>aliunde</strong></span> <span class='ocrx_word' id='word_1_115' title='bbox 432 1448 522 1513; x_wconf 92' lang='lat' dir='ltr'><strong>quam</strong></span> <span class='ocrx_word' id='word_1_116' title='bbox 543 1432 690 1494; x_wconf 89' lang='lat' dir='ltr'><strong>avirtute</strong></span> <span class='ocrx_word' id='word_1_117' title='bbox 703 1430 901 1509; x_wconf 90' lang='lat' dir='ltr'><strong>ingeneratur.</strong></span> <span class='ocrx_word' id='word_1_118' title='bbox 922 1428 1020 1505; x_wconf 81' lang='lat' dir='ltr'><strong>Quare</strong></span> <span class='ocrx_word' id='word_1_119' title='bbox 1042 1432 1159 1495; x_wconf 86' lang='lat' dir='ltr'><strong>uirtutis</strong></span> <span class='ocrx_word' id='word_1_120' title='bbox 1181 1432 1370 1497; x_wconf 85' lang='lat' dir='ltr'><strong>incolumitas</strong></span> <span class='ocrx_word' id='word_1_121' title='bbox 1384 1444 1415 1498; x_wconf 93' lang='lat' dir='ltr'><strong>et</strong></span> <span class='ocrx_word' id='word_1_122' title='bbox 1429 1435 1476 1497; x_wconf 92' lang='lat' dir='ltr'><strong>in-</strong></span> 
     </span>
     <span class='ocr_line' id='line_1_13' title="bbox 299 1529 1474 1611; baseline 0.001 -16"><span class='ocrx_word' id='word_1_123' title='bbox 299 1538 480 1595; x_wconf 83' lang='lat' dir='ltr'><strong>crementum</strong></span> <span class='ocrx_word' id='word_1_124' title='bbox 496 1544 686 1607; x_wconf 92' lang='lat' dir='ltr'><strong>summopere</strong></span> <span class='ocrx_word' id='word_1_125' title='bbox 700 1530 914 1607; x_wconf 89' lang='lat' dir='ltr'><strong>imperantibus</strong></span> <span class='ocrx_word' id='word_1_126' title='bbox 926 1530 1008 1592; x_wconf 88' lang='lat' dir='ltr'><strong>cordi</strong></span> <span class='ocrx_word' id='word_1_127' title='bbox 1023 1545 1087 1593; x_wconf 88' lang='lat' dir='ltr'><strong>esse</strong></span> <span class='ocrx_word' id='word_1_128' title='bbox 1109 1530 1205 1595; x_wconf 89' lang='lat' dir='ltr'><strong>debet.</strong></span> <span class='ocrx_word' id='word_1_129' title='bbox 1220 1529 1263 1595; x_wconf 86' lang='lat' dir='ltr'><strong>At</strong></span> <span class='ocrx_word' id='word_1_130' title='bbox 1282 1534 1348 1595; x_wconf 93' lang='lat' dir='ltr'><strong>sine</strong></span> <span class='ocrx_word' id='word_1_131' title='bbox 1363 1535 1474 1611; x_wconf 84' lang='lat' dir='ltr'><strong>pictate</strong></span> 
     </span>
     <span class='ocr_line' id='line_1_14' title="bbox 298 1627 1473 1709; baseline 0 -16"><span class='ocrx_word' id='word_1_132' title='bbox 298 1646 368 1709; x_wconf 89' lang='lat' dir='ltr'><strong>erga</strong></span> <span class='ocrx_word' id='word_1_133' title='bbox 384 1628 491 1707; x_wconf 87' lang='lat' dir='ltr'><strong>Deum,</strong></span> <span class='ocrx_word' id='word_1_134' title='bbox 505 1628 558 1707; x_wconf 92' lang='lat' dir='ltr'><strong>qni</strong></span> <span class='ocrx_word' id='word_1_135' title='bbox 573 1627 691 1690; x_wconf 89' lang='lat' dir='ltr'><strong>virtutis</strong></span> <span class='ocrx_word' id='word_1_136' title='bbox 705 1627 769 1690; x_wconf 88' lang='lat' dir='ltr'><strong>iens</strong></span> <span class='ocrx_word' id='word_1_137' title='bbox 783 1634 830 1689; x_wconf 90' lang='lat' dir='ltr'><strong>est</strong></span> <span class='ocrx_word' id='word_1_138' title='bbox 845 1633 875 1689; x_wconf 93' lang='lat' dir='ltr'><strong>et</strong></span> <span class='ocrx_word' id='word_1_139' title='bbox 895 1627 1082 1705; x_wconf 86' lang='lat' dir='ltr'><strong>principium,</strong></span> <span class='ocrx_word' id='word_1_140' title='bbox 1096 1636 1126 1690; x_wconf 88' lang='lat' dir='ltr'><strong>et</strong></span> <span class='ocrx_word' id='word_1_141' title='bbox 1142 1628 1179 1689; x_wconf 91' lang='lat' dir='ltr'><strong>ad</strong></span> <span class='ocrx_word' id='word_1_142' title='bbox 1193 1630 1278 1690; x_wconf 91' lang='lat' dir='ltr'><strong>cuius</strong></span> <span class='ocrx_word' id='word_1_143' title='bbox 1294 1631 1473 1709; x_wconf 83' lang='lat' dir='ltr'><strong>obsequium</strong></span> 
     </span>
     <span class='ocr_line' id='line_1_15' title="bbox 299 1725 1471 1806; baseline 0.001 -15"><span class='ocrx_word' id='word_1_144' title='bbox 299 1736 360 1791; x_wconf 90' lang='lat' dir='ltr'><strong>tota</strong></span> <span class='ocrx_word' id='word_1_145' title='bbox 382 1737 492 1806; x_wconf 90' lang='lat' dir='ltr'><strong>quanta</strong></span> <span class='ocrx_word' id='word_1_146' title='bbox 513 1734 558 1787; x_wconf 91' lang='lat' dir='ltr'><strong>est</strong></span> <span class='ocrx_word' id='word_1_147' title='bbox 572 1726 692 1787; x_wconf 85' lang='lat' dir='ltr'><strong>honesta</strong></span> <span class='ocrx_word' id='word_1_148' title='bbox 709 1726 769 1786; x_wconf 87' lang='lat' dir='ltr'><strong>vita</strong></span> <span class='ocrx_word' id='word_1_149' title='bbox 782 1726 922 1798; x_wconf 64' lang='lat' dir='ltr'><strong>refertum</strong></span> <span class='ocrx_word' id='word_1_150' title='bbox 942 1725 1061 1788; x_wconf 90' lang='lat' dir='ltr'><strong>virtutis</strong></span> <span class='ocrx_word' id='word_1_151' title='bbox 1075 1726 1241 1789; x_wconf 84' lang='lat' dir='ltr'><strong>aedificium</strong></span> <span class='ocrx_word' id='word_1_152' title='bbox 1263 1727 1292 1789; x_wconf 94' lang='lat' dir='ltr'><strong>in</strong></span> <span class='ocrx_word' id='word_1_153' title='bbox 1315 1729 1471 1792; x_wconf 90' lang='lat' dir='ltr'><strong>huminum</strong></span> 
     </span>
     <span class='ocr_line' id='line_1_16' title="bbox 300 1824 954 1900; baseline -0.011 -10"><span class='ocrx_word' id='word_1_154' title='bbox 300 1830 441 1890; x_wconf 85' lang='lat' dir='ltr'><strong>societate</strong></span> <span class='ocrx_word' id='word_1_155' title='bbox 462 1824 623 1885; x_wconf 85' lang='lat' dir='ltr'><strong>subsistere</strong></span> <span class='ocrx_word' id='word_1_156' title='bbox 644 1838 827 1900; x_wconf 89' lang='lat' dir='ltr'><strong>nequaquam</strong></span> <span class='ocrx_word' id='word_1_157' title='bbox 849 1830 954 1900; x_wconf 86' lang='lat' dir='ltr'><strong>potest.</strong></span> 
     </span>
    </p>

    <p class='ocr_par' dir='ltr' id='par_1_3' title="bbox 298 1916 1567 2493">
     <span class='ocr_line' id='line_1_17' title="bbox 342 1916 1467 2005; baseline 0.002 -20"><span class='ocrx_word' id='word_1_158' title='bbox 342 1921 408 1986; x_wconf 88' lang='grc'><strong>114.</strong></span> <span class='ocrx_word' id='word_1_159' title='bbox 432 1919 597 1989; x_wconf 77' lang='lat' dir='ltr'><strong>Frenanda</strong></span> <span class='ocrx_word' id='word_1_160' title='bbox 619 1916 805 2005; x_wconf 83' lang='lat' dir='ltr'><strong>scriptorum</strong></span> <span class='ocrx_word' id='word_1_161' title='bbox 835 1916 969 1986; x_wconf 84' lang='lat' dir='ltr'><strong>liuentia.</strong></span> <span class='ocrx_word' id='word_1_162' title='bbox 995 1918 1070 1983; x_wconf 82' lang='lat' dir='ltr'><strong>dum</strong></span> <span class='ocrx_word' id='word_1_163' title='bbox 1098 1922 1245 1985; x_wconf 88' lang='lat' dir='ltr'><strong>humanae</strong></span> <span class='ocrx_word' id='word_1_164' title='bbox 1271 1923 1467 1987; x_wconf 84' lang='lat' dir='ltr'><strong>imbecillitati</strong></span> 
     </span>
     <span class='ocr_line' id='line_1_18' title="bbox 300 2016 1468 2097; baseline -0.002 -10"><span class='ocrx_word' id='word_1_165' title='bbox 300 2022 453 2087; x_wconf 82' lang='lat' dir='ltr'><strong>cantiones</strong></span> <span class='ocrx_word' id='word_1_166' title='bbox 474 2026 655 2097; x_wconf 83' lang='lat' dir='ltr'><strong>opportunae</strong></span> <span class='ocrx_word' id='word_1_167' title='bbox 679 2026 710 2082; x_wconf 94' lang='lat' dir='ltr'><strong>et</strong></span> <span class='ocrx_word' id='word_1_168' title='bbox 736 2016 883 2097; x_wconf 91' lang='lat' dir='ltr'><strong>praesidia</strong></span> <span class='ocrx_word' id='word_1_169' title='bbox 912 2019 1108 2097; x_wconf 82' lang='lat' dir='ltr'><strong>requirantur,</strong></span> <span class='ocrx_word' id='word_1_170' title='bbox 1133 2021 1319 2097; x_wconf 89' lang='lat' dir='ltr'><strong>potissimum</strong></span> <span class='ocrx_word' id='word_1_171' title='bbox 1341 2038 1407 2085; x_wconf 91' lang='lat' dir='ltr'><strong>cum</strong></span> <span class='ocrx_word' id='word_1_172' title='bbox 1429 2020 1468 2085; x_wconf 90' lang='lat' dir='ltr'><strong>de</strong></span> 
     </span>
     <span class='ocr_line' id='line_1_19' title="bbox 299 2117 1470 2195; baseline 0 -12"><span class='ocrx_word' id='word_1_173' title='bbox 299 2118 490 2183; x_wconf 90' lang='lat' dir='ltr'><strong>multitudiue</strong></span> <span class='ocrx_word' id='word_1_174' title='bbox 510 2118 619 2195; x_wconf 90' lang='lat' dir='ltr'><strong>agitur,</strong></span> <span class='ocrx_word' id='word_1_175' title='bbox 639 2133 716 2195; x_wconf 87' lang='lat' dir='ltr'><strong>quae</strong></span> <span class='ocrx_word' id='word_1_176' title='bbox 740 2127 847 2180; x_wconf 90' lang='lat' dir='ltr'><strong>natura</strong></span> <span class='ocrx_word' id='word_1_177' title='bbox 876 2133 930 2180; x_wconf 91' lang='lat' dir='ltr'><strong>sua</strong></span> <span class='ocrx_word' id='word_1_178' title='bbox 951 2117 1103 2179; x_wconf 90' lang='lat' dir='ltr'><strong>mutabilis</strong></span> <span class='ocrx_word' id='word_1_179' title='bbox 1130 2126 1176 2179; x_wconf 89' lang='lat' dir='ltr'><strong>est</strong></span> <span class='ocrx_word' id='word_1_180' title='bbox 1196 2127 1227 2181; x_wconf 91' lang='lat' dir='ltr'><strong>et</strong></span> <span class='ocrx_word' id='word_1_181' title='bbox 1253 2121 1292 2183; x_wconf 91' lang='lat' dir='ltr'><strong>ad</strong></span> <span class='ocrx_word' id='word_1_182' title='bbox 1312 2120 1470 2183; x_wconf 86' lang='lat' dir='ltr'><strong>labendum</strong></span> 
     </span>
     <span class='ocr_line' id='line_1_20' title="bbox 301 2214 1473 2298; baseline 0.002 -17"><span class='ocrx_word' id='word_1_183' title='bbox 301 2234 410 2298; x_wconf 89' lang='lat' dir='ltr'><strong>pruna;</strong></span> <span class='ocrx_word' id='word_1_184' title='bbox 432 2216 528 2280; x_wconf 91' lang='lat' dir='ltr'><strong>uritur</strong></span> <span class='ocrx_word' id='word_1_185' title='bbox 548 2216 618 2278; x_wconf 90' lang='lat' dir='ltr'><strong>hinc</strong></span> <span class='ocrx_word' id='word_1_186' title='bbox 639 2215 769 2278; x_wconf 85' lang='lat' dir='ltr'><strong>officium</strong></span> <span class='ocrx_word' id='word_1_187' title='bbox 795 2214 961 2278; x_wconf 91' lang='lat' dir='ltr'><strong>removendi</strong></span> <span class='ocrx_word' id='word_1_188' title='bbox 986 2214 1116 2292; x_wconf 86' lang='lat' dir='ltr'><strong>pericula</strong></span> <span class='ocrx_word' id='word_1_189' title='bbox 1141 2223 1180 2277; x_wconf 92' lang='lat' dir='ltr'><strong>et·</strong></span> <span class='ocrx_word' id='word_1_190' title='bbox 1194 2218 1398 2295; x_wconf 84' lang='lat' dir='ltr'><strong>compescendi</strong></span> <span class='ocrx_word' id='word_1_191' title='bbox 1421 2235 1473 2283; x_wconf 91' lang='lat' dir='ltr'><strong>cu-</strong></span> 
     </span>
     <span class='ocr_line' id='line_1_21' title="bbox 299 2309 1567 2394; baseline 0.002 -16"><span class='ocrx_word' id='word_1_192' title='bbox 299 2323 396 2394; x_wconf 85' lang='lat' dir='ltr'><strong>nutus,</strong></span> <span class='ocrx_word' id='word_1_193' title='bbox 419 2314 470 2392; x_wconf 94' lang='lat' dir='ltr'><strong>qui</strong></span> <span class='ocrx_word' id='word_1_194' title='bbox 498 2312 710 2392; x_wconf 89' lang='lat' dir='ltr'><strong>aggrediantur</strong></span> <span class='ocrx_word' id='word_1_195' title='bbox 730 2309 939 2389; x_wconf 91' lang='lat' dir='ltr'><strong>patrimonium</strong></span> <span class='ocrx_word' id='word_1_196' title='bbox 967 2312 1097 2386; x_wconf 89' lang='lat' dir='ltr'><strong>virtutis,</strong></span> <span class='ocrx_word' id='word_1_197' title='bbox 1118 2328 1178 2391; x_wconf 93' lang='lat' dir='ltr'><strong>quo</strong></span> <span class='ocrx_word' id='word_1_198' title='bbox 1202 2314 1327 2378; x_wconf 88' lang='lat' dir='ltr'><strong>societas</strong></span> <span class='ocrx_word' id='word_1_199' title='bbox 1351 2317 1470 2381; x_wconf 81' lang='lat' dir='ltr'><strong>fruitur.</strong></span> <span class='ocrx_word' id='word_1_200' title='bbox 1566 2354 1567 2387; x_wconf 68' lang='lat'><em>2</em></span> 
     </span>
     <span class='ocr_line' id='line_1_22' title="bbox 298 2409 1472 2493; baseline 0.002 -16"><span class='ocrx_word' id='word_1_201' title='bbox 298 2412 377 2477; x_wconf 86' lang='lat' dir='ltr'><strong>Hine</strong></span> <span class='ocrx_word' id='word_1_202' title='bbox 390 2413 438 2475; x_wconf 89' lang='lat' dir='ltr'><strong>ius</strong></span> <span class='ocrx_word' id='word_1_203' title='bbox 450 2410 625 2489; x_wconf 88' lang='lat' dir='ltr'><strong>prohibendi</strong></span> <span class='ocrx_word' id='word_1_204' title='bbox 639 2425 674 2472; x_wconf 90' lang='lat' dir='ltr'><strong>ue</strong></span> <span class='ocrx_word' id='word_1_205' title='bbox 689 2424 822 2472; x_wconf 87' lang='lat' dir='ltr'><strong>sermone</strong></span> <span class='ocrx_word' id='word_1_206' title='bbox 836 2410 882 2473; x_wconf 87' lang='lat' dir='ltr'><strong>vel</strong></span> <span class='ocrx_word' id='word_1_207' title='bbox 897 2410 1017 2487; x_wconf 88' lang='lat' dir='ltr'><strong>seriptis</strong></span> <span class='ocrx_word' id='word_1_208' title='bbox 1032 2410 1105 2472; x_wconf 78' lang='lat' dir='ltr'><strong>falsa</strong></span> <span class='ocrx_word' id='word_1_209' title='bbox 1117 2409 1254 2489; x_wconf 82' lang='lat' dir='ltr'><strong>dogmata</strong></span> <span class='ocrx_word' id='word_1_210' title='bbox 1269 2414 1472 2493; x_wconf 91' lang='lat' dir='ltr'><strong>propinentur,</strong></span> 
     </span>
    </p>
   </div>
   <div class='ocr_carea' id='block_1_3' title="bbox 299 2497 1568 2882">
    <p class='ocr_par' dir='ltr' id='par_1_4' title="bbox 299 2497 1568 2882">
     <span class='ocr_line' id='line_1_23' title="bbox 299 2497 1471 2591; baseline 0 -16"><span class='ocrx_word' id='word_1_211' title='bbox 299 2526 375 2591; x_wconf 92' lang='lat' dir='ltr'><strong>quae</strong></span> <span class='ocrx_word' id='word_1_212' title='bbox 395 2509 528 2573; x_wconf 92' lang='lat' dir='ltr'><strong>muribus</strong></span> <span class='ocrx_word' id='word_1_213' title='bbox 548 2507 690 2581; x_wconf 86' lang='lat' dir='ltr'><strong>officiant,</strong></span> <span class='ocrx_word' id='word_1_214' title='bbox 710 2497 763 2568; x_wconf 81' lang='lat' dir='ltr'><strong>aut</strong></span> <span class='ocrx_word' id='word_1_215' title='bbox 782 2506 914 2569; x_wconf 89' lang='lat' dir='ltr'><strong>actiones</strong></span> <span class='ocrx_word' id='word_1_216' title='bbox 935 2514 1092 2568; x_wconf 84' lang='lat' dir='ltr'><strong>exerantur</strong></span> <span class='ocrx_word' id='word_1_217' title='bbox 1112 2521 1187 2583; x_wconf 90' lang='lat' dir='ltr'><strong>quae</strong></span> <span class='ocrx_word' id='word_1_218' title='bbox 1211 2509 1387 2575; x_wconf 80' lang='lat' dir='ltr'><strong>offendiculo</strong></span> <span class='ocrx_word' id='word_1_219' title='bbox 1413 2514 1471 2576; x_wconf 91' lang='lat' dir='ltr'><strong>sint</strong></span> 
     </span>
     <span class='ocr_line' id='line_1_24' title="bbox 299 2602 1472 2686; baseline 0.001 -13"><span class='ocrx_word' id='word_1_220' title='bbox 299 2609 415 2673; x_wconf 89' lang='lat' dir='ltr'><strong>ceteris.</strong></span> <span class='ocrx_word' id='word_1_221' title='bbox 437 2605 541 2686; x_wconf 86' lang='lat' dir='ltr'><strong>Neque</strong></span> <span class='ocrx_word' id='word_1_222' title='bbox 562 2606 593 2668; x_wconf 92' lang='lat' dir='ltr'><strong>iu</strong></span> <span class='ocrx_word' id='word_1_223' title='bbox 613 2606 670 2667; x_wconf 91' lang='lat' dir='ltr'><strong>huc</strong></span> <span class='ocrx_word' id='word_1_224' title='bbox 692 2602 784 2666; x_wconf 92' lang='lat' dir='ltr'><strong>ullius</strong></span> <span class='ocrx_word' id='word_1_225' title='bbox 807 2604 854 2666; x_wconf 91' lang='lat' dir='ltr'><strong>ins</strong></span> <span class='ocrx_word' id='word_1_226' title='bbox 874 2612 926 2666; x_wconf 89' lang='lat' dir='ltr'><strong>aut</strong></span> <span class='ocrx_word' id='word_1_227' title='bbox 951 2603 1073 2681; x_wconf 90' lang='lat' dir='ltr'><strong>libertas</strong></span> <span class='ocrx_word' id='word_1_228' title='bbox 1100 2604 1236 2668; x_wconf 86' lang='lat' dir='ltr'><strong>laeditur.</strong></span> <span class='ocrx_word' id='word_1_229' title='bbox 1257 2605 1307 2670; x_wconf 91' lang='lat' dir='ltr'><strong>Ius</strong></span> <span class='ocrx_word' id='word_1_230' title='bbox 1332 2610 1412 2672; x_wconf 93' lang='lat' dir='ltr'><strong>enim</strong></span> <span class='ocrx_word' id='word_1_231' title='bbox 1435 2612 1472 2674; x_wconf 90' lang='lat' dir='ltr'><strong>ad</strong></span> 
     </span>
     <span class='ocr_line' id='line_1_25' title="bbox 299 2701 1471 2777; baseline 0.003 -8"><span class='ocrx_word' id='word_1_232' title='bbox 299 2707 411 2769; x_wconf 93' lang='lat' dir='ltr'><strong>malum</strong></span> <span class='ocrx_word' id='word_1_233' title='bbox 426 2721 483 2769; x_wconf 92' lang='lat' dir='ltr'><strong>nun</strong></span> <span class='ocrx_word' id='word_1_234' title='bbox 496 2706 599 2777; x_wconf 66' lang='lat' dir='ltr'><strong>datum</strong></span> <span class='ocrx_word' id='word_1_235' title='bbox 614 2710 643 2765; x_wconf 91' lang='lat' dir='ltr'><strong>et</strong></span> <span class='ocrx_word' id='word_1_236' title='bbox 658 2702 771 2765; x_wconf 93' lang='lat' dir='ltr'><strong>nullius</strong></span> <span class='ocrx_word' id='word_1_237' title='bbox 792 2701 913 2764; x_wconf 89' lang='lat' dir='ltr'><strong>libertas</strong></span> <span class='ocrx_word' id='word_1_238' title='bbox 935 2717 1038 2765; x_wconf 87' lang='lat' dir='ltr'><strong>nocere</strong></span> <span class='ocrx_word' id='word_1_239' title='bbox 1052 2702 1120 2765; x_wconf 91' lang='lat' dir='ltr'><strong>aliis</strong></span> <span class='ocrx_word' id='word_1_240' title='bbox 1134 2704 1229 2767; x_wconf 91' lang='lat' dir='ltr'><strong>debet.</strong></span> <span class='ocrx_word' id='word_1_241' title='bbox 1245 2705 1287 2767; x_wconf 89' lang='lat' dir='ltr'><strong>At</strong></span> <span class='ocrx_word' id='word_1_242' title='bbox 1300 2722 1372 2771; x_wconf 87' lang='lat' dir='ltr'><strong>veru</strong></span> <span class='ocrx_word' id='word_1_243' title='bbox 1386 2707 1471 2773; x_wconf 86' lang='lat' dir='ltr'><strong>valde</strong></span> 
     </span>
     <span class='ocr_line' id='line_1_26' title="bbox 300 2800 1568 2882; baseline -0.002 -16"><span class='ocrx_word' id='word_1_244' title='bbox 300 2805 367 2867; x_wconf 90' lang='lat' dir='ltr'><strong>aliis</strong></span> <span class='ocrx_word' id='word_1_245' title='bbox 388 2812 473 2868; x_wconf 87' lang='lat' dir='ltr'><strong>nocet</strong></span> <span class='ocrx_word' id='word_1_246' title='bbox 493 2804 547 2882; x_wconf 89' lang='lat' dir='ltr'><strong>qui</strong></span> <span class='ocrx_word' id='word_1_247' title='bbox 574 2818 625 2865; x_wconf 92' lang='lat' dir='ltr'><strong>eos</strong></span> <span class='ocrx_word' id='word_1_248' title='bbox 646 2800 760 2864; x_wconf 90' lang='lat' dir='ltr'><strong>actione</strong></span> <span class='ocrx_word' id='word_1_249' title='bbox 774 2816 828 2862; x_wconf 88' lang='lat' dir='ltr'><strong>sua</strong></span> <span class='ocrx_word' id='word_1_250' title='bbox 848 2801 878 2862; x_wconf 92' lang='lat' dir='ltr'><strong>in</strong></span> <span class='ocrx_word' id='word_1_251' title='bbox 900 2800 1039 2878; x_wconf 70' lang='lat' dir='ltr'><strong>monandi</strong></span> <span class='ocrx_word' id='word_1_252' title='bbox 1060 2802 1224 2878; x_wconf 91' lang='lat' dir='ltr'><strong>periculum</strong></span> <span class='ocrx_word' id='word_1_253' title='bbox 1239 2803 1370 2867; x_wconf 85' lang='lat' dir='ltr'><strong>adducit.</strong></span> <span class='ocrx_word' id='word_1_254' title='bbox 1388 2802 1471 2871; x_wconf 88' lang='lat' dir='ltr'><strong>Unde</strong></span> <span class='ocrx_word' id='word_1_255' title='bbox 1567 2822 1568 2863; x_wconf 73' lang='lat'>1</span> 
     </span>
    </p>
   </div>
   <div class='ocr_carea' id='block_1_4' title="bbox 300 2899 1467 2981">
    <p class='ocr_par' dir='ltr' id='par_1_5' title="bbox 300 2899 1467 2981">
     <span class='ocr_line' id='line_1_27' title="bbox 300 2899 1467 2981; baseline 0.005 -17"><span class='ocrx_word' id='word_1_256' title='bbox 300 2903 379 2965; x_wconf 86' lang='lat' dir='ltr'><strong>hune</strong></span> <span class='ocrx_word' id='word_1_257' title='bbox 393 2915 589 2979; x_wconf 89' lang='lat' dir='ltr'><strong>compescere,</strong></span> <span class='ocrx_word' id='word_1_258' title='bbox 603 2899 642 2961; x_wconf 90' lang='lat' dir='ltr'><strong>ad</strong></span> <span class='ocrx_word' id='word_1_259' title='bbox 657 2899 788 2961; x_wconf 87' lang='lat' dir='ltr'><strong>officinm</strong></span> <span class='ocrx_word' id='word_1_260' title='bbox 805 2899 1000 2977; x_wconf 85' lang='lat' dir='ltr'><strong>pertinetque</strong></span> <span class='ocrx_word' id='word_1_261' title='bbox 1016 2906 1129 2963; x_wconf 92' lang='lat' dir='ltr'><strong>tenetur</strong></span> <span class='ocrx_word' id='word_1_262' title='bbox 1143 2901 1269 2964; x_wconf 90' lang='lat' dir='ltr'><strong>societas</strong></span> <span class='ocrx_word' id='word_1_263' title='bbox 1284 2902 1467 2981; x_wconf 91' lang='lat' dir='ltr'><strong>singulorum</strong></span> 
     </span>
    </p>
   </div>
   <div class='ocr_carea' id='block_1_5' title="bbox 190 2996 1073 3079">
    <p class='ocr_par' dir='ltr' id='par_1_6' title="bbox 190 2996 1073 3079">
     <span class='ocr_line' id='line_1_28' title="bbox 190 2996 1073 3079; baseline -0.003 -18"><span class='ocrx_word' id='word_1_264' title='bbox 190 3019 201 3042; x_wconf 70' lang='lat'>⁶</span> <span class='ocrx_word' id='word_1_265' title='bbox 297 3000 365 3061; x_wconf 89' lang='lat' dir='ltr'><strong>iura</strong></span> <span class='ocrx_word' id='word_1_266' title='bbox 387 2998 477 3060; x_wconf 88' lang='lat' dir='ltr'><strong>tutari</strong></span> <span class='ocrx_word' id='word_1_267' title='bbox 498 3013 534 3060; x_wconf 89' lang='lat' dir='ltr'><strong>ac</strong></span> <span class='ocrx_word' id='word_1_268' title='bbox 556 2996 691 3079; x_wconf 88' lang='lat' dir='ltr'><strong>publicae</strong></span> <span class='ocrx_word' id='word_1_269' title='bbox 711 2996 872 3060; x_wconf 88' lang='lat' dir='ltr'><strong>moralitati</strong></span> <span class='ocrx_word' id='word_1_270' title='bbox 894 2998 1073 3076; x_wconf 89' lang='lat' dir='ltr'><strong>prospicere.</strong></span> 
     </span>
    </p>
   </div>
   <div class='ocr_carea' id='block_1_6' title="bbox 298 3092 1474 4341">
    <p class='ocr_par' dir='ltr' id='par_1_7' title="bbox 298 3092 1474 4341">
     <span class='ocr_line' id='line_1_29' title="bbox 339 3092 1471 3174; baseline 0.005 -16"><span class='ocrx_word' id='word_1_271' title='bbox 339 3092 387 3158; x_wconf 83' lang='lat' dir='ltr'><strong>Ex</strong></span> <span class='ocrx_word' id='word_1_272' title='bbox 407 3110 476 3174; x_wconf 92' lang='lat' dir='ltr'><strong>quo,</strong></span> <span class='ocrx_word' id='word_1_273' title='bbox 497 3094 678 3172; x_wconf 90' lang='lat' dir='ltr'><strong>utquisque</strong></span> <span class='ocrx_word' id='word_1_274' title='bbox 699 3094 788 3169; x_wconf 87' lang='lat' dir='ltr'><strong>uidet,</strong></span> <span class='ocrx_word' id='word_1_275' title='bbox 810 3096 980 3158; x_wconf 85' lang='lat' dir='ltr'><strong>auctoritati</strong></span> <span class='ocrx_word' id='word_1_276' title='bbox 999 3095 1161 3159; x_wconf 88' lang='lat' dir='ltr'><strong>innascitur</strong></span> <span class='ocrx_word' id='word_1_277' title='bbox 1180 3097 1308 3160; x_wconf 80' lang='lat' dir='ltr'><strong>facultas</strong></span> <span class='ocrx_word' id='word_1_278' title='bbox 1330 3116 1471 3165; x_wconf 86' lang='lat' dir='ltr'><strong>censurae</strong></span> 
     </span>
     <span class='ocr_line' id='line_1_30' title="bbox 299 3190 1470 3273; baseline 0.006 -18"><span class='ocrx_word' id='word_1_279' title='bbox 299 3193 398 3273; x_wconf 90' lang='lat' dir='ltr'><strong>quoad</strong></span> <span class='ocrx_word' id='word_1_280' title='bbox 419 3192 530 3268; x_wconf 89' lang='lat' dir='ltr'><strong>scripta</strong></span> <span class='ocrx_word' id='word_1_281' title='bbox 546 3190 662 3269; x_wconf 91' lang='lat' dir='ltr'><strong>publice</strong></span> <span class='ocrx_word' id='word_1_282' title='bbox 676 3191 798 3267; x_wconf 83' lang='lat' dir='ltr'><strong>edenda,</strong></span> <span class='ocrx_word' id='word_1_283' title='bbox 813 3192 974 3270; x_wconf 91' lang='lat' dir='ltr'><strong>etquidem</strong></span> <span class='ocrx_word' id='word_1_284' title='bbox 985 3192 1214 3271; x_wconf 80' lang='lat' dir='ltr'><strong>praeventione.</strong></span> <span class='ocrx_word' id='word_1_285' title='bbox 1234 3193 1470 3262; x_wconf 82' lang='lat' dir='ltr'><strong>Consentaneum</strong></span> 
     </span>
     <span class='ocr_line' id='line_1_31' title="bbox 299 3287 1471 3377; baseline 0.006 -24"><span class='ocrx_word' id='word_1_286' title='bbox 299 3291 377 3354; x_wconf 88' lang='lat' dir='ltr'><strong>euim</strong></span> <span class='ocrx_word' id='word_1_287' title='bbox 392 3288 489 3368; x_wconf 90' lang='lat' dir='ltr'><strong>magis</strong></span> <span class='ocrx_word' id='word_1_288' title='bbox 503 3296 551 3349; x_wconf 90' lang='lat' dir='ltr'><strong>est</strong></span> <span class='ocrx_word' id='word_1_289' title='bbox 570 3287 646 3351; x_wconf 91' lang='lat' dir='ltr'><strong>bono</strong></span> <span class='ocrx_word' id='word_1_290' title='bbox 668 3289 817 3352; x_wconf 91' lang='lat' dir='ltr'><strong>societatis</strong></span> <span class='ocrx_word' id='word_1_291' title='bbox 839 3298 872 3352; x_wconf 90' lang='lat' dir='ltr'><strong>ut</strong></span> <span class='ocrx_word' id='word_1_292' title='bbox 893 3290 980 3363; x_wconf 91' lang='lat' dir='ltr'><strong>mala,</strong></span> <span class='ocrx_word' id='word_1_293' title='bbox 1001 3292 1098 3369; x_wconf 92' lang='lat' dir='ltr'><strong>quoad</strong></span> <span class='ocrx_word' id='word_1_294' title='bbox 1113 3291 1176 3353; x_wconf 85' lang='lat' dir='ltr'><strong>lieri</strong></span> <span class='ocrx_word' id='word_1_295' title='bbox 1192 3300 1297 3370; x_wconf 91' lang='lat' dir='ltr'><strong>potest,</strong></span> <span class='ocrx_word' id='word_1_296' title='bbox 1313 3303 1471 3377; x_wconf 91' lang='lat' dir='ltr'><strong>antequam</strong></span> 
     </span>
     <span class='ocr_line' id='line_1_32' title="bbox 298 3380 1471 3473; baseline 0.005 -22"><span class='ocrx_word' id='word_1_297' title='bbox 298 3389 445 3462; x_wconf 88' lang='lat' dir='ltr'><strong>eueniant,</strong></span> <span class='ocrx_word' id='word_1_298' title='bbox 465 3394 635 3459; x_wconf 88' lang='lat' dir='ltr'><strong>caveantur,</strong></span> <span class='ocrx_word' id='word_1_299' title='bbox 652 3402 741 3464; x_wconf 90' lang='lat' dir='ltr'><strong>quam</strong></span> <span class='ocrx_word' id='word_1_300' title='bbox 763 3395 806 3462; x_wconf 88' lang='lat' dir='ltr'><strong>nt,</strong></span> <span class='ocrx_word' id='word_1_301' title='bbox 828 3393 982 3467; x_wconf 93' lang='lat' dir='ltr'><strong>postquam</strong></span> <span class='ocrx_word' id='word_1_302' title='bbox 998 3389 1156 3468; x_wconf 78' lang='lat' dir='ltr'><strong>evenerint,</strong></span> <span class='ocrx_word' id='word_1_303' title='bbox 1178 3380 1349 3467; x_wconf 92' lang='lat' dir='ltr'><strong>puniantur.</strong></span> <span class='ocrx_word' id='word_1_304' title='bbox 1372 3392 1471 3473; x_wconf 91' lang='lat' dir='ltr'><strong>inepte</strong></span> 
     </span>
     <span class='ocr_line' id='line_1_33' title="bbox 299 3482 1471 3569; baseline 0.009 -24"><span class='ocrx_word' id='word_1_305' title='bbox 299 3492 405 3547; x_wconf 82' lang='lat' dir='ltr'><strong>autem.</strong></span> <span class='ocrx_word' id='word_1_306' title='bbox 429 3482 556 3546; x_wconf 93' lang='lat' dir='ltr'><strong>nonnulli</strong></span> <span class='ocrx_word' id='word_1_307' title='bbox 588 3489 750 3561; x_wconf 91' lang='lat' dir='ltr'><strong>opponunt:</strong></span> <span class='ocrx_word' id='word_1_308' title='bbox 777 3484 897 3548; x_wconf 86' lang='lat' dir='ltr'><strong>civilem</strong></span> <span class='ocrx_word' id='word_1_309' title='bbox 921 3492 1095 3563; x_wconf 88' lang='lat' dir='ltr'><strong>potestatem</strong></span> <span class='ocrx_word' id='word_1_310' title='bbox 1116 3486 1164 3549; x_wconf 90' lang='lat' dir='ltr'><strong>ius</strong></span> <span class='ocrx_word' id='word_1_311' title='bbox 1191 3488 1221 3550; x_wconf 94' lang='lat' dir='ltr'><strong>in</strong></span> <span class='ocrx_word' id='word_1_312' title='bbox 1246 3488 1471 3569; x_wconf 85' lang='lat' dir='ltr'><strong>intelligentiam</strong></span> 
     </span>
     <span class='ocr_line' id='line_1_34' title="bbox 300 3578 1472 3664; baseline 0.01 -21"><span class='ocrx_word' id='word_1_313' title='bbox 300 3596 356 3644; x_wconf 94' lang='lat' dir='ltr'><strong>nun</strong></span> <span class='ocrx_word' id='word_1_314' title='bbox 377 3581 494 3644; x_wconf 90' lang='lat' dir='ltr'><strong>babere.</strong></span> <span class='ocrx_word' id='word_1_315' title='bbox 518 3578 596 3644; x_wconf 91' lang='lat' dir='ltr'><strong>Nam</strong></span> <span class='ocrx_word' id='word_1_316' title='bbox 617 3581 667 3643; x_wconf 90' lang='lat' dir='ltr'><strong>hic</strong></span> <span class='ocrx_word' id='word_1_317' title='bbox 687 3597 742 3644; x_wconf 94' lang='lat' dir='ltr'><strong>non</strong></span> <span class='ocrx_word' id='word_1_318' title='bbox 764 3582 863 3661; x_wconf 90' lang='lat' dir='ltr'><strong>agitur</strong></span> <span class='ocrx_word' id='word_1_319' title='bbox 884 3583 920 3646; x_wconf 90' lang='lat' dir='ltr'><strong>de</strong></span> <span class='ocrx_word' id='word_1_320' title='bbox 940 3583 1003 3663; x_wconf 89' lang='lat' dir='ltr'><strong>lege</strong></span> <span class='ocrx_word' id='word_1_321' title='bbox 1024 3583 1185 3647; x_wconf 85' lang='lat' dir='ltr'><strong>intellectui</strong></span> <span class='ocrx_word' id='word_1_322' title='bbox 1211 3586 1399 3664; x_wconf 93' lang='lat' dir='ltr'><strong>imponenda,</strong></span> <span class='ocrx_word' id='word_1_323' title='bbox 1421 3592 1472 3655; x_wconf 86' lang='lat' dir='ltr'><strong>sed</strong></span> 
     </span>
     <span class='ocr_line' id='line_1_35' title="bbox 300 3677 1471 3761; baseline 0.009 -20"><span class='ocrx_word' id='word_1_324' title='bbox 300 3679 337 3741; x_wconf 95' lang='lat' dir='ltr'><strong>de</strong></span> <span class='ocrx_word' id='word_1_325' title='bbox 356 3687 478 3741; x_wconf 83' lang='lat' dir='ltr'><strong>externa</strong></span> <span class='ocrx_word' id='word_1_326' title='bbox 500 3684 616 3741; x_wconf 90' lang='lat' dir='ltr'><strong>tantum</strong></span> <span class='ocrx_word' id='word_1_327' title='bbox 637 3677 752 3742; x_wconf 78' lang='lat' dir='ltr'><strong>audone</strong></span> <span class='ocrx_word' id='word_1_328' title='bbox 768 3679 942 3755; x_wconf 88' lang='lat' dir='ltr'><strong>cohibenda;</strong></span> <span class='ocrx_word' id='word_1_329' title='bbox 965 3696 1000 3743; x_wconf 90' lang='lat' dir='ltr'><strong>ne</strong></span> <span class='ocrx_word' id='word_1_330' title='bbox 1020 3681 1098 3759; x_wconf 87' lang='lat' dir='ltr'><strong>quis,</strong></span> <span class='ocrx_word' id='word_1_331' title='bbox 1113 3682 1191 3761; x_wconf 91' lang='lat' dir='ltr'><strong>quod</strong></span> <span class='ocrx_word' id='word_1_332' title='bbox 1211 3683 1353 3748; x_wconf 91' lang='lat' dir='ltr'><strong>delirante</strong></span> <span class='ocrx_word' id='word_1_333' title='bbox 1375 3688 1471 3751; x_wconf 89' lang='lat' dir='ltr'><strong>animo</strong></span> 
     </span>
     <span class='ocr_line' id='line_1_36' title="bbox 299 3775 1472 3859; baseline 0.01 -22"><span class='ocrx_word' id='word_1_334' title='bbox 299 3775 375 3839; x_wconf 85' lang='lat' dir='ltr'><strong>iurte</strong></span> <span class='ocrx_word' id='word_1_335' title='bbox 388 3775 523 3855; x_wconf 89' lang='lat' dir='ltr'><strong>agitavit,</strong></span> <span class='ocrx_word' id='word_1_336' title='bbox 539 3776 655 3854; x_wconf 91' lang='lat' dir='ltr'><strong>publice</strong></span> <span class='ocrx_word' id='word_1_337' title='bbox 669 3776 844 3854; x_wconf 79' lang='lat' dir='ltr'><strong>manifestet,</strong></span> <span class='ocrx_word' id='word_1_338' title='bbox 858 3793 964 3857; x_wconf 90' lang='lat' dir='ltr'><strong>magno</strong></span> <span class='ocrx_word' id='word_1_339' title='bbox 986 3778 1136 3843; x_wconf 85' lang='lat' dir='ltr'><strong>societatis</strong></span> <span class='ocrx_word' id='word_1_340' title='bbox 1151 3781 1290 3859; x_wconf 91' lang='lat' dir='ltr'><strong>periculo.</strong></span> <span class='ocrx_word' id='word_1_341' title='bbox 1310 3780 1408 3849; x_wconf 93' lang='lat' dir='ltr'><strong>Nemo</strong></span> <span class='ocrx_word' id='word_1_342' title='bbox 1422 3802 1472 3849; x_wconf 89' lang='lat' dir='ltr'><strong>an·</strong></span> 
     </span>
     <span class='ocr_line' id='line_1_37' title="bbox 300 3872 1471 3958; baseline 0.011 -25"><span class='ocrx_word' id='word_1_343' title='bbox 300 3879 359 3934; x_wconf 92' lang='lat' dir='ltr'><strong>tem</strong></span> <span class='ocrx_word' id='word_1_344' title='bbox 380 3872 570 3947; x_wconf 87' lang='lat' dir='ltr'><strong>inficiabitur,</strong></span> <span class='ocrx_word' id='word_1_345' title='bbox 590 3881 727 3935; x_wconf 82' lang='lat' dir='ltr'><strong>externas</strong></span> <span class='ocrx_word' id='word_1_346' title='bbox 757 3875 897 3949; x_wconf 85' lang='lat' dir='ltr'><strong>actiones,</strong></span> <span class='ocrx_word' id='word_1_347' title='bbox 918 3890 992 3952; x_wconf 91' lang='lat' dir='ltr'><strong>quae</strong></span> <span class='ocrx_word' id='word_1_348' title='bbox 1018 3876 1092 3940; x_wconf 92' lang='lat' dir='ltr'><strong>bono</strong></span> <span class='ocrx_word' id='word_1_349' title='bbox 1121 3878 1222 3941; x_wconf 89' lang='lat' dir='ltr'><strong>sociali</strong></span> <span class='ocrx_word' id='word_1_350' title='bbox 1247 3880 1377 3946; x_wconf 86' lang='lat' dir='ltr'><strong>intensae</strong></span> <span class='ocrx_word' id='word_1_351' title='bbox 1403 3885 1471 3958; x_wconf 90' lang='lat' dir='ltr'><strong>sint,</strong></span> 
     </span>
     <span class='ocr_line' id='line_1_38' title="bbox 302 3968 1471 4058; baseline 0.015 -31"><span class='ocrx_word' id='word_1_352' title='bbox 302 3968 420 4044; x_wconf 90' lang='lat' dir='ltr'><strong>publica</strong></span> <span class='ocrx_word' id='word_1_353' title='bbox 435 3971 611 4033; x_wconf 89' lang='lat' dir='ltr'><strong>auctoritate</strong></span> <span class='ocrx_word' id='word_1_354' title='bbox 627 3972 756 4035; x_wconf 74' lang='lat' dir='ltr'><strong>coerceri</strong></span> <span class='ocrx_word' id='word_1_355' title='bbox 771 3987 867 4050; x_wconf 90' lang='lat' dir='ltr'><strong>posse.</strong></span> <span class='ocrx_word' id='word_1_356' title='bbox 882 3968 946 4036; x_wconf 91' lang='lat' dir='ltr'><strong>Huc</strong></span> <span class='ocrx_word' id='word_1_357' title='bbox 968 3981 1066 4035; x_wconf 90' lang='lat' dir='ltr'><strong>tamen</strong></span> <span class='ocrx_word' id='word_1_358' title='bbox 1087 3990 1143 4037; x_wconf 92' lang='lat' dir='ltr'><strong>nun</strong></span> <span class='ocrx_word' id='word_1_359' title='bbox 1160 3976 1298 4054; x_wconf 90' lang='lat' dir='ltr'><strong>probibet</strong></span> <span class='ocrx_word' id='word_1_360' title='bbox 1310 3982 1471 4058; x_wconf 92' lang='lat' dir='ltr'><strong>quominus</strong></span> 
     </span>
     <span class='ocr_line' id='line_1_39' title="bbox 301 4067 1470 4151; baseline 0.014 -26"><span class='ocrx_word' id='word_1_361' title='bbox 301 4067 466 4128; x_wconf 90' lang='lat' dir='ltr'><strong>contrarius</strong></span> <span class='ocrx_word' id='word_1_362' title='bbox 490 4075 572 4132; x_wconf 90' lang='lat' dir='ltr'><strong>tenor</strong></span> <span class='ocrx_word' id='word_1_363' title='bbox 596 4068 740 4132; x_wconf 85' lang='lat' dir='ltr'><strong>habeatur</strong></span> <span class='ocrx_word' id='word_1_364' title='bbox 760 4069 839 4148; x_wconf 90' lang='lat' dir='ltr'><strong>apud</strong></span> <span class='ocrx_word' id='word_1_365' title='bbox 860 4068 927 4132; x_wconf 91' lang='lat' dir='ltr'><strong>illas</strong></span> <span class='ocrx_word' id='word_1_366' title='bbox 948 4070 1113 4149; x_wconf 90' lang='lat' dir='ltr'><strong>societates,</strong></span> <span class='ocrx_word' id='word_1_367' title='bbox 1135 4088 1222 4151; x_wconf 90' lang='lat' dir='ltr'><strong>quae,</strong></span> <span class='ocrx_word' id='word_1_368' title='bbox 1246 4076 1284 4137; x_wconf 94' lang='lat' dir='ltr'><strong>ub</strong></span> <span class='ocrx_word' id='word_1_369' title='bbox 1309 4079 1470 4142; x_wconf 88' lang='lat' dir='ltr'><strong>carentiam</strong></span> 
     </span>
     <span class='ocr_line' id='line_1_40' title="bbox 303 4159 1471 4247; baseline 0.014 -26"><span class='ocrx_word' id='word_1_370' title='bbox 303 4159 389 4225; x_wconf 89' lang='lat' dir='ltr'><strong>unius</strong></span> <span class='ocrx_word' id='word_1_371' title='bbox 399 4171 428 4224; x_wconf 94' lang='lat' dir='ltr'><strong>et</strong></span> <span class='ocrx_word' id='word_1_372' title='bbox 442 4180 527 4228; x_wconf 90' lang='lat' dir='ltr'><strong>verae</strong></span> <span class='ocrx_word' id='word_1_373' title='bbox 540 4166 700 4244; x_wconf 90' lang='lat' dir='ltr'><strong>religionis,</strong></span> <span class='ocrx_word' id='word_1_374' title='bbox 713 4166 822 4230; x_wconf 91' lang='lat' dir='ltr'><strong>nullam</strong></span> <span class='ocrx_word' id='word_1_375' title='bbox 838 4174 948 4231; x_wconf 88' lang='lat' dir='ltr'><strong>certam</strong></span> <span class='ocrx_word' id='word_1_376' title='bbox 963 4175 1053 4247; x_wconf 90' lang='lat' dir='ltr'><strong>atque</strong></span> <span class='ocrx_word' id='word_1_377' title='bbox 1067 4169 1291 4235; x_wconf 90' lang='lat' dir='ltr'><strong>determinatam</strong></span> <span class='ocrx_word' id='word_1_378' title='bbox 1306 4174 1471 4239; x_wconf 84' lang='lat' dir='ltr'><strong>doctrinam</strong></span> 
     </span>
     <span class='ocr_line' id='line_1_41' title="bbox 302 4260 1474 4341; baseline 0.015 -21"><span class='ocrx_word' id='word_1_379' title='bbox 302 4260 462 4337; x_wconf 88' lang='lat' dir='ltr'><strong>generatim</strong></span> <span class='ocrx_word' id='word_1_380' title='bbox 475 4271 504 4323; x_wconf 89' lang='lat' dir='ltr'><strong>et</strong></span> <span class='ocrx_word' id='word_1_381' title='bbox 519 4262 635 4340; x_wconf 92' lang='lat' dir='ltr'><strong>publice</strong></span> <span class='ocrx_word' id='word_1_382' title='bbox 650 4265 833 4341; x_wconf 84' lang='lat' dir='ltr'><strong>profitentur.</strong></span> <span class='ocrx_word' id='word_1_383' title='bbox 848 4262 921 4327; x_wconf 83' lang='lat' dir='ltr'><strong>Cum</strong></span> <span class='ocrx_word' id='word_1_384' title='bbox 936 4265 1014 4327; x_wconf 90' lang='lat' dir='ltr'><strong>enim</strong></span> <span class='ocrx_word' id='word_1_385' title='bbox 1028 4266 1069 4329; x_wconf 92' lang='lat' dir='ltr'><strong>ibi</strong></span> <span class='ocrx_word' id='word_1_386' title='bbox 1086 4268 1165 4331; x_wconf 88' lang='lat' dir='ltr'><strong>cives</strong></span> <span class='ocrx_word' id='word_1_387' title='bbox 1187 4272 1337 4335; x_wconf 84' lang='lat' dir='ltr'><strong>communi</strong></span> <span class='ocrx_word' id='word_1_388' title='bbox 1352 4274 1474 4337; x_wconf 83' lang='lat' dir='ltr'><strong>vinculo</strong></span> 
     </span>
    </p>
   </div>
   <div class='ocr_carea' id='block_1_7' title="bbox 0 0 1585 4934">
    <p class='ocr_par' dir='ltr' id='par_1_8' title="bbox 0 0 1585 4934">
     <span class='ocr_line' id='line_1_42' title="bbox 0 0 1585 4934; baseline 0 0"><span class='ocrx_word' id='word_1_389' title='bbox 0 0 1585 4934; x_wconf 95' lang='lat' dir='ltr'><strong> </strong></span> 
     </span>
    </p>
   </div>
  </div>
 </body>
</html>
