3159 4934
276 295 330 351 116
561 310 604 351 lUS
622 308 749 351 NATURAE
768 328 778 337 ·
797 309 866 351 PARS
882 310 899 351 1.
914 307 958 351 tos
975 309 1144 352 contribuant:

276 422 324 484 vis
344 422 418 485 iuris
438 430 485 484 est
504 421 639 503 moralis;
660 422 799 484 nimirum
820 440 836 484 a
858 422 923 500 lege
944 423 1126 500 proveniens,
1146 439 1223 502 qnae
1242 424 1335 487 dictet
1356 439 1446 503 posse

276 519 389 599 aliquid
409 520 473 582 lieri
495 517 539 583 vel
559 521 598 583 ab
618 520 683 582 aliis
705 521 808 598 repeti,
829 521 899 598 quia
920 520 962 583 sic
982 522 1039 583 lert
1059 521 1131 584 ordo
1151 522 1283 605 ¹rationis.

318 614 347 681 l'.
370 615 484 684 inducit
505 616 656 684 moralem
678 614 894 701 obligationem
912 614 940 683 ln
956 616 1037 685 aliis.
1060 618 1092 683 ln
1113 627 1255 698 conceptu
1276 620 1351 682 iuris
1371 620 1445 684 obli·

276 718 357 798 gatto
383 732 499 795 semper
525 716 650 780 aliorum
678 715 841 779 involvitur
868 733 925 780 non
953 717 1114 781 obsistendi
1135 718 1279 781 eiusmodi
1298 718 1447 793 facultati,

274 832 366 897 quam
387 816 458 879 ordo
480 814 600 877 rationis
620 814 750 893 cuipiam
769 814 920 893 elargitur.
935 812 969 879 lu
990 816 1046 877 hoc
1066 817 1144 877 enim
1166 817 1283 893 proprie
1303 814 1379 877 iuris
1394 832 1448 879 na·

278 923 344 977 tura
366 913 508 988 consistit,
530 921 564 975 ut
584 913 628 975 sic
649 913 703 977 tibi
725 927 771 975 ex.
793 929 837 991 gr.
860 911 946 975 liceat
971 913 1086 991 operari
1099 921 1152 974 aut
1165 929 1227 976 rem
1243 914 1375 992 aliquam
1391 914 1445 977 tibi

276 1012 451 1086 adsciscere,
472 1019 504 1075 ut
519 1012 609 1073 ceteri
631 1018 660 1074 tc
682 1027 737 1074 non
757 1010 933 1089 impediam,
954 1017 1005 1072 aut
1025 1010 1115 1073 etiam
1135 1017 1169 1072 ut
1190 1010 1280 1089 ille,a
1301 1026 1360 1089 qno
1382 1026 1447 1074 rem

277 1109 411 1189 postulas
433 1108 486 1171 tibi
502 1109 643 1184 debitam,
657 1110 694 1172 ad
714 1125 780 1171 eam
802 1107 979 1172 reddendam
993 1108 1080 1170 iussu
1094 1116 1218 1171 naturae
1231 1108 1447 1187 adstringatur.

278 1204 376 1279 Quare
395 1206 442 1268 ius
455 1214 620 1285 respectum
642 1222 756 1285 semper
776 1206 903 1270 includit
917 1205 955 1268 ad
969 1205 1172 1268 exsistentiam
1188 1206 1323 1280 alimum,
1338 1205 1446 1268 saltem

279 1304 460 1384 possibilem,
479 1319 604 1382 quorum
627 1303 791 1367 voluntates
813 1303 872 1383 legi
892 1302 1063 1367 subdantur.

318 1400 346 1463 5.
369 1396 544 1468 Subiectum
566 1404 597 1467 et
615 1397 766 1467 terminus
788 1397 873 1466 iuris.
895 1398 941 1463 Ex
962 1401 1049 1464 modo
1073 1401 1163 1464 dictis
1177 1402 1330 1466 manifeste
1343 1417 1452 1466 conse·

277 1499 380 1577 quitur
399 1495 567 1561 subiectum
588 1505 619 1560 et
640 1499 808 1561 lominum
828 1500 902 1562 iuris
924 1499 1038 1562 nonnisi
1059 1515 1214 1578 personam
1236 1500 1366 1579 aliquam
1381 1516 1447 1564 esse

278 1613 375 1677 posse,
389 1596 527 1659 nimirum
549 1597 745 1660 substantiam
767 1596 914 1660 intellectu
935 1606 965 1660 et
986 1597 1135 1662 voluntate
1156 1599 1329 1677 praeditam.
1348 1598 1388 1663 Et
1409 1601 1449 1663 ad

278 1695 436 1758 terminum
450 1694 529 1774 quod
543 1694 658 1769 attinet,
671 1701 751 1757 certo
765 1695 867 1773 nequit
879 1695 1018 1771 obligatio
1034 1696 1154 1759 moralis
1172 1698 1299 1773 allicere,
1314 1697 1372 1758 nisi
1393 1712 1447 1759 ens

277 1794 412 1857 libertate
433 1800 583 1866 ornatnm;
607 1792 729 1857 libertas
754 1800 853 1855 autmn
880 1792 1103 1871 intelligentiam
1128 1794 1268 1857 subaudit
1295 1810 1332 1856 ex
1352 1810 1448 1873 eaque

280 1891 413 1970 pullulat.
424 1888 504 1953 ldem
516 1890 564 1953 dic
575 1890 611 1954 de
621 1889 761 1953 subiecto.
774 1888 863 1964 Nam,
874 1906 941 1953 cum
953 1890 1001 1951 ius
1012 1890 1049 1952 ab
1060 1891 1161 1953 ordine
1172 1899 1335 1969 generetur,
1347 1893 1449 1970 nequit

278 1989 461 2053 efflorescere
480 1988 538 2050 uisi
559 1988 588 2050 in
609 1995 684 2061 ente,
697 1987 745 2050 cui
760 1995 918 2066 conceptus
931 1987 1042 2051 ordinis
1063 1988 1212 2066 affulgeat,
1226 1987 1377 2066 distetque
1391 1990 1450 2052 hoc

280 2086 326 2151 uel
340 2084 414 2149 illud
428 2102 494 2149 esse
508 2085 703 2149 necessarium
716 2092 767 2147 aut
781 2085 871 2147 etiam
886 2094 1082 2162 opportunum
1094 2086 1154 2158 lini,
1166 2085 1327 2164 quem'ipsi
1342 2093 1450 2148 natura

279 2185 425 2265 praefixit.
441 2183 473 2249 ld
488 2191 585 2246 autem
603 2183 707 2260 procul
721 2182 811 2245 dubio
825 2184 1049 2262 intelligentiam
1064 2192 1094 2245 et
1109 2182 1289 2246 voluntatem
1310 2184 1450 2261 reposcit.

279 2282 322 2347 At
342 2298 411 2345 uero
425 2298 477 2344 cns
493 2280 647 2355 eiusmodi,
660 2295 729 2343 cum
744 2278 863 2343 realiter
878 2280 908 2342 in
923 2296 955 2343 sc
969 2280 1122 2354 subsistat,
1141 2295 1229 2342 sensu
1245 2281 1453 2361 metaphysico

279 2396 404 2461 persona
427 2386 558 2443 vocatur.

318 2477 401 2543 Haec
421 2485 519 2541 autem
536 2492 656 2555 persona
679 2476 816 2555 physica,
832 2475 1016 2539 considerata
1036 2483 1121 2553 prout
1142 2476 1256 2539 iuribus
1277 2476 1453 2555 insignitur,

278 2576 388 2639 dicitur
403 2590 527 2654 persona
541 2574 572 2636 in
587 2592 676 2637 sensu
689 2574 778 2638 etiam
790 2574 910 2647 morali,
921 2582 1067 2654 quatenus
1080 2591 1137 2637 non
1147 2574 1185 2637 ad
1200 2574 1280 2637 aliud
1296 2574 1451 2638 ordinetur

279 2679 314 2735 ut
336 2674 477 2747 medium;
499 2674 549 2735 sed
571 2673 601 2735 in
623 2688 654 2735 se
677 2679 793 2735 maneat
814 2679 848 2735 ut
867 2671 943 2735 linis.
964 2669 1089 2744 Quodsi
1106 2672 1220 2735 iuribus
1241 2672 1361 2734 omnino
1382 2686 1455 2749 spo·

279 2768 376 2849 lietur,
398 2786 415 2832 a
437 2769 600 2834 conditione
619 2786 770 2848 personae
790 2770 828 2832 ad
856 2769 1049 2832 conditionem
1071 2768 1125 2846 rel,
1147 2786 1224 2848 quae
1244 2768 1376 2831 medium
1404 2776 1455 2832 est

279 2880 336 2929 non
358 2867 433 2940 linis,
453 2881 574 2944 prorsus
595 2866 741 2929 deiicitur.

321 2957 350 3025 6.
372 2959 526 3029 obtectum
542 2958 627 3029 iuris.
643 2960 683 3026 Ut
696 2980 733 3026 ex
749 2964 836 3027 dietis
856 2979 972 3043 qnoque
992 2970 1084 3042 patet,
1098 2962 1244 3028 obiectum
1258 2980 1311 3029 seu
1326 2966 1455 3029 materia

279 3060 355 3123 iuris
374 3075 441 3123 esse
461 3068 558 3139 potest
580 3076 635 3123 non
656 3060 744 3124 modo
764 3062 896 3138 operatio
916 3061 1012 3139 ipsius
1036 3059 1174 3137 subiecti,
1195 3062 1359 3125 sedetiam
1381 3078 1455 3141 ope·

280 3158 355 3221 ratio
371 3156 504 3233 termini,
519 3162 549 3219 et
563 3159 723 3235 generatim
739 3158 884 3237 quidquid
897 3166 1033 3235 respectu
1047 3158 1176 3221 bominis
1198 3160 1344 3223 rationem
1358 3162 1456 3225 babet

280 3254 380 3329 medii,
407 3255 445 3317 ad
473 3255 560 3317 linem
587 3253 645 3332 ipsi
673 3263 817 3317 anatona
839 3254 1022 3333 propositum
1044 3256 1236 3319 consentanei.
1259 3254 1298 3319 lit
1319 3274 1390 3321 sane
1411 3259 1455 3321 ad

280 3352 409 3416 bominis
432 3352 538 3415 bonum
560 3359 589 3415 et
610 3352 815 3430 perlectionem
838 3352 1052 3431 procurandam
1074 3369 1129 3415 non
1150 3354 1238 3418 modo
1258 3357 1324 3419 eius
1344 3370 1455 3433 opera·

282 3450 374 3514 tiones
395 3456 425 3512 et
445 3464 493 3511 res
514 3456 661 3523 externae,
682 3465 758 3527 quae
779 3450 920 3511 mundum
935 3450 1116 3513 materialem
1132 3452 1329 3528 eliormant,a
1345 3460 1456 3518 natura

279 3547 440 3611 destinatae
461 3554 538 3623 sunt,
559 3546 723 3609 sedetiam
744 3546 875 3609 actiones
897 3546 1031 3626 aliorum,
1047 3563 1124 3626 quae
1143 3550 1181 3612 ad
1202 3551 1338 3614 eumdem
1360 3553 1458 3617 tinem

279 3645 482 3708 adiumentum
496 3642 614 3722 aliquod
628 3644 758 3707 conterre
774 3651 904 3721 possunt.
916 3642 995 3723 Ergo
1008 3646 1033 3708 si
1047 3645 1131 3721 torte,
1142 3654 1261 3725 propter
1274 3648 1452 3713 relationem

281 3742 368 3803 unius
389 3757 456 3805 eum
471 3740 538 3815 alio,
551 3740 623 3803 ordo
644 3741 744 3803 iubeat
759 3749 792 3802 ut
806 3743 856 3805 hic
870 3742 983 3805 actione
999 3759 1053 3805 sua
1073 3742 1181 3806 bonum
1202 3744 1281 3807 illins
1295 3753 1457 3825 procuret;

281 3845 359 3901 certe
380 3839 475 3916 quoad
496 3837 639 3902 eiusmodi
660 3838 804 3902 actionem
825 3837 961 3918 officium
986 3840 1016 3901 in
1043 3856 1100 3904 noo
1126 3851 1276 3923 exsurget,
1297 3853 1327 3909 et
1347 3844 1401 3907 ios
1422 3846 1459 3911 iu

280 3935 380 3999 altero.
395 3935 472 4002 Hinc
486 3937 635 4017 obligatio,
649 3953 724 4015 quae
738 3938 794 3999 iuri
809 3938 966 4015 respondet
979 3946 1008 4001 et
1022 3955 1097 4017 quae
1111 3940 1235 4005 iuridica
1250 3952 1459 4023 nuncupatur,

282 4048 337 4095 non
352 4032 444 4095 solum
459 4034 604 4115 nepetino
617 4052 682 4099 esse
704 4044 810 4115 potest,
825 4037 875 4099 sed
891 4037 980 4099 etiam
990 4035 1140 4116 positivo.
1156 4036 1223 4103 Non
1240 4042 1317 4103 enim
1333 4057 1460 4119 semper

281 4131 311 4192 in
324 4132 379 4193 boc
391 4133 530 4206 cernitur,
539 4135 627 4211 quod,
639 4134 702 4196 iure
712 4135 743 4196 in
757 4134 856 4212 aliquo
868 4133 993 4213 vigente,
1005 4134 1110 4214 reliqui
1123 4136 1222 4214 ipsum
1238 4154 1294 4202 non
1305 4140 1455 4217 impedire

282 4233 448 4303 tercentum
463 4228 515 4291 sed
536 4245 623 4309 saepe
642 4232 732 4295 etiam
753 4233 791 4294 ad
818 4238 880 4295 rem
903 4231 1112 4297 relectionem
1133 4232 1217 4297 alteri
1239 4237 1457 4315 praestandam
