3159 4934
403 350 487 392 canor
506 350 540 391 ur,
560 349 594 391 ns
612 350 713 393 socrarr
731 350 846 393 urrrrarn
863 351 980 395 osnrrurr
1216 336 1269 395 359

101 470 205 542 spectu
226 464 294 525 finis
315 480 332 526 a
353 471 459 525 natura
482 462 636 541 propositi.
652 460 743 527 Secus
755 464 866 527 nimius
880 466 1016 542 propriae
1037 464 1173 529 utilitatis
1187 482 1270 530 amor

99 576 169 624 cum
191 560 317 623 aliarum
338 562 468 639 gentium
489 561 679 636 detrimento,
699 577 735 625 ae
755 563 893 641 frequens
917 563 1081 626 studiorum
1107 566 1270 639 condictus,

99 671 154 725 eut
174 663 281 725 saltem
308 662 436 740 partium
464 662 621 740 separatio,
641 661 729 723 vitari
757 675 814 723 non
842 662 963 740 poterit;
990 678 1026 725 err
1052 678 1110 742 quo
1139 663 1269 727 vicissim

98 760 317 839 impedimenta,
339 760 503 823 collisiones
522 766 552 822 et
572 759 670 822 luctas
684 759 834 837 proficisci
854 775 972 825 necesse
992 770 1049 836 est,
1063 762 1183 839 saepius
1200 777 1269 825 vero

100 858 300 935 operationum
321 857 578 935 discrepantiam

142 953 219 1019 Hinc
245 955 350 1018 ultima
378 957 498 1019 humani
526 955 642 1035 generis
670 954 810 1032 perfectio
835 956 892 1019 boc
920 957 1069 1034 postulare
1089 958 1216 1032 videtur,
1238 965 1272 1020 ut

101 1053 347 1131 quemadmodum
368 1054 501 1116 homines
522 1052 690 1131 singulares
710 1053 827 1142 vinculo
853 1053 1004 1117 societatis
1033 1054 1219 1130 domesticae,
1241 1064 1271 1117 et

102 1151 257 1213 societates
276 1150 457 1213 domesticae
478 1149 597 1214 vinculo
617 1151 768 1213 societatis
787 1150 884 1213 civilis
911 1151 1101 1230 colligantur;
1124 1154 1167 1215 sie
1187 1154 1271 1232 ipsae

102 1264 218 1327 quoque
233 1248 390 1311 societates
404 1248 507 1311 civiles
520 1247 623 1311 altiore
637 1248 764 1327 quadam
779 1248 926 1312 iunctione
946 1251 1070 1312 invicem
1087 1251 1271 1329 copulentur,

101 1363 137 1410 ac
152 1346 263 1410 diversi
278 1348 393 1426 generis
407 1346 577 1410 societatem
591 1348 754 1419 edorment,
768 1363 844 1426 quae
858 1348 1040 1427 singularum
1062 1350 1126 1411 iura
1149 1356 1273 1424 tutetur,

100 1453 131 1507 et
152 1452 256 1507 mutuo
277 1461 416 1507 consensu
431 1445 538 1506 virium
560 1445 598 1507 ad
618 1446 727 1507 bonum
741 1446 878 1508 omnibus
897 1461 1051 1509 commuue
1072 1447 1120 1508 det
1141 1462 1272 1525 operam.

140 1539 189 1605 32.
214 1538 459 1608 lniernelionalis
479 1538 615 1608 societas
636 1558 694 1609 ooo
723 1546 772 1607 est
794 1540 936 1610 absolute
966 1541 1162 1611 necessaria.
1189 1543 1271 1609 Haec

101 1640 260 1702 universali
282 1641 413 1720 gentium
434 1639 610 1713 coniunctio,
630 1656 809 1719 quamquam
831 1650 974 1705 anatum
1000 1644 1210 1721 persuadeatur
1236 1660 1272 1708 ac

100 1746 205 1816 sponte
233 1754 285 1799 sua
313 1754 348 1800 ex
377 1739 495 1801 bomine
519 1738 660 1817 pullulet;
681 1746 778 1801 temen
798 1740 896 1817 quoad
918 1740 1039 1818 populos
1061 1758 1117 1804 nou
1139 1743 1273 1805 eamdem
1331 1764 1333 1768 ’

100 1835 308 1899 necessitatem
330 1835 430 1914 babet,
450 1851 540 1914 quam
562 1836 659 1898 civilis
681 1839 808 1900 societas
829 1846 966 1915 respectu
986 1839 1173 1902 familiarum.
1194 1836 1273 1903 Nam

100 1934 231 1997 familiae
251 1933 295 1996 sic
310 1934 429 1997 civitate
449 1941 546 2013 egent,
560 1942 595 1996 ut
608 1942 690 1997 entra
712 1934 794 1996 illam
810 1936 859 1998 vix
879 1943 931 1997 aut
945 1948 981 1999 ne
995 1938 1045 1999 vix
1058 1936 1176 2017 quidem
1192 1952 1275 2001 oom-

102 2032 189 2096 mode
204 2041 233 2095 et
256 2032 413 2112 tranquille
435 2032 526 2094 vitam
547 2033 663 2110 degere,
677 2033 756 2096 nulla
778 2041 877 2096 eutem
898 2036 1011 2099 ratione
1031 2036 1107 2099 intro
1129 2036 1274 2099 naturalis

101 2130 214 2194 ordinis
230 2130 355 2193 confinia
376 2130 492 2208 plenam
516 2130 721 2207 perlectionem
742 2132 871 2194 naneisci
893 2133 1018 2195 valeant.
1040 2133 1126 2206 Quod
1145 2136 1275 2212 proiecto

102 2230 140 2292 de
161 2228 290 2307 politicis
310 2225 460 2301 Statibus,
473 2230 524 2305 qui
546 2243 613 2291 vere
634 2228 691 2291 boc
712 2244 815 2292 nomen
837 2239 996 2304 merentur,
1010 2231 1069 2294 diei
1091 2247 1147 2294 non
1166 2239 1274 2309 potest.

103 2326 178 2391 Cum
193 2328 271 2389 enim
290 2326 386 2390 civilis
400 2326 527 2399 societas
543 2334 629 2390 coetu
643 2328 771 2404 perlecto
788 2342 978 2404 personarum
993 2336 1116 2403 constet,
1132 2345 1183 2391 serr
1199 2329 1276 2389 mul·

102 2426 228 2488 titudine
256 2422 408 2489 bominum
433 2433 480 2486 sat
505 2440 622 2503 magna,
641 2440 718 2502 quae
739 2426 874 2503 propriae
895 2426 1090 2490 incolumitati
1115 2428 1276 2489 servandae

102 2525 226 2603 suisque
241 2524 355 2587 viribus
370 2523 399 2585 in
421 2525 499 2587 omni
514 2524 574 2586 iere
595 2522 704 2585 circulo
718 2523 880 2585 activitatis
901 2525 1071 2587 exercendis
1085 2524 1226 2597 sufficiat,
1241 2539 1276 2586 ae

103 2623 180 2685 satis
208 2621 337 2700 amplam
367 2621 480 2684 telluris
509 2628 632 2701 partem,
653 2621 805 2684 tenacitate
827 2620 881 2684 soli
906 2622 952 2685 vel
979 2621 1112 2684 littorum
1134 2618 1276 2684 verietate

103 2720 288 2794 distinctam,
303 2719 426 2793 incolnt3
441 2720 620 2782 sufficienter
640 2734 692 2796 per
713 2734 744 2780 se
764 2720 909 2782 sociorum
925 2720 1149 2783 necessitatibus
1166 2727 1196 2781 et
1209 2735 1277 2783 evo-

102 2818 209 2882 lutioni
230 2818 406 2881 facultatum
436 2819 631 2879 humanarum
660 2818 828 2895 prospicere
857 2825 968 2895 potest:
996 2820 1124 2880 maxime
1145 2832 1225 2891 vero,
1252 2818 1277 2880 si

101 2916 283 2979 commercia
304 2916 452 2977 addantur
473 2915 604 2992 aliaeque
619 2925 687 2978 cum
701 2917 811 2977 exteris
833 2916 969 2994 gentibus
983 2915 1277 2978 communicationes.

143 3012 359 3087 Nihilominus,
374 3020 407 3075 ut
421 3013 493 3085 dixi,
507 3012 685 3091 principium
707 3013 882 3075 socialitatis
902 3014 932 3075 in
954 3012 1072 3077 bomine
1087 3029 1144 3076 non
1160 3012 1278 3091 penitus

103 3113 252 3191 expletur,
272 3112 414 3191 quamdiu
429 3113 561 3174 nationes
575 3104 608 3171 in
619 3111 676 3173 hac
690 3110 818 3173 naturali
833 3118 944 3174 tantum
960 3112 1164 3175 coniunctione
1179 3125 1277 3188 perse·

103 3220 218 3275 verant.
234 3209 420 3288 Quapropter
441 3209 479 3271 ad
499 3225 565 3272 eam
588 3209 715 3286 positiva
734 3204 862 3287 quadam
884 3210 976 3272 iorma
990 3210 1168 3281 donandam,
1187 3198 1276 3285 atque

103 3309 253 3373 institutis
273 3324 309 3371 ex
331 3322 475 3371 consensu
488 3306 707 3385 emergentibus
722 3306 880 3369 firmiorem
894 3304 1133 3384 stabilioremque
1148 3303 1280 3367 efficien-

102 3408 185 3481 dam,
206 3406 357 3486 perpetuis
377 3405 506 3467 stimulis
527 3412 633 3467 uatum
659 3403 816 3482 compellit.
839 3402 941 3482 Neque
969 3403 1000 3465 id
1027 3403 1170 3465 instinctu
1191 3402 1278 3465 dum-

100 3511 199 3582 taxat,
221 3503 272 3567 sed
293 3505 360 3581 ipso
380 3518 497 3583 quoque
517 3504 676 3566 dictamine
695 3504 835 3578 rationis;
857 3518 932 3582 quae
951 3504 989 3566 ad
1011 3501 1165 3580 pacificam
1188 3511 1218 3565 et
1231 3518 1278 3566 or·

101 3602 236 3664 dinatam
259 3602 429 3666 societatem
451 3616 507 3663 non
537 3601 632 3663 solum
654 3618 691 3664 ex
711 3601 833 3665 iamiliis
855 3602 906 3664 sed
933 3617 970 3663 ex
998 3600 1166 3666 nationibus
1187 3600 1277 3663 etiam

103 3699 274 3761 habendam
296 3699 484 3763 vehementer
504 3698 634 3762 inclinat.

149 3792 198 3860 33.
219 3794 327 3881 ilique
349 3794 438 3863 rrrodo
460 3792 521 3862 iem
544 3792 690 3863 incurata
716 3792 775 3862 dici
800 3799 913 3880 polest.
933 3792 1026 3869 Haec,
1046 3811 1122 3875 qnae
1151 3797 1280 3859 tortasse

104 3895 202 3959 otiose
217 3895 387 3974 speculatio,
409 3895 570 3957 chimaeris
584 3894 812 3968 adnumeranda,
833 3893 931 3972 putari
947 3901 1061 3971 posset;
1082 3906 1138 3955 non
1159 3893 1200 3955 ita
1221 3894 1279 3957 ior·

101 4003 185 4057 tasse
205 3994 360 4068 videbitur,
383 3994 409 4055 si
430 3992 584 4056 civilitatis
612 3993 759 4054 humanae
786 3991 935 4054 tendentia
962 3992 1017 4053 sub
1045 3989 1137 4053 ductu
1163 3988 1281 4053 divinae

102 4090 308 4170 providentiae
325 4091 537 4163 consideretur.
551 4088 591 4153 Et
605 4104 685 4165 sane,
700 4089 836 4167 quamvis
857 4089 1025 4151 rudioribus
1047 4089 1193 4151 aetatibus
1214 4087 1279 4151 uul-

99 4191 168 4253 lum
184 4189 231 4252 vel
252 4190 311 4252 lere
332 4187 444 4251 nullum
459 4188 549 4251 buius
563 4203 687 4265 magnae
704 4170 929 4250 consociationis
941 4186 1101 4266 uestigium
1117 4187 1280 4259 exstiterim

101 4304 140 4351 ea
164 4295 264 4350 tomen
284 4301 352 4350 eum
368 4285 544 4364 populorum
559 4284 676 4348 cultura
690 4284 823 4347 ineboari
837 4291 867 4346 et
881 4284 1049 4348 adolescere
1062 4291 1211 4363 comperta
1225 4288 1280 4345 est.
