3159 4934
404 305 490 348 ernon
508 307 533 349 ιι.
553 307 588 348 00
604 306 746 350 sounrann
764 305 844 351 crvrnr
894 325 897 330 -
1153 291 1205 349 111

20 421 219 494 efformatus,
233 429 340 500 tamen,
355 427 441 498 prout
461 419 560 482 unitas
573 419 717 499 quaedam
738 427 793 494 est,
806 419 931 499 singulis
945 431 1062 500 praeest
1073 421 1124 502 (1).
1139 420 1206 488 Hoc

23 533 189 582 summurn
211 518 366 606 imperium
380 535 396 580 a
412 517 581 582 collectione
596 516 705 581 cisium
720 518 861 581 removeri
884 534 940 581 non
961 526 1071 597 potest;
1087 535 1123 583 ac
1138 536 1208 599 pro-

21 617 101 679 inde
127 617 255 696 popnlos
275 615 468 679 essentialiter
495 622 542 678 est
570 615 706 693 princeps
728 613 769 695 (il
784 612 898 694 popolo
924 614 1092 694 sovroero);
1114 617 1206 682 immo

21 715 96 777 eius
121 714 282 777 auctoritas
303 720 363 776 tam
386 729 470 776 saera
491 721 547 786 est,
570 721 602 774 ut
623 727 676 776 nec
698 711 805 788 dividi,
820 727 874 777 nco
893 715 1137 792 repraesentari,
1152 732 1207 780 nec

24 811 136 876 limite
156 809 244 892 affice·
262 827 391 891 unquam
415 810 516 889 possit.
532 807 582 874 Sic
604 810 703 889 populi
724 810 919 874 inalienabilis
939 819 971 874 et
990 813 1129 876 absoluta
1144 829 1207 877 ma·

23 911 130 974 isstas
151 909 349 988 constituitur,
363 910 401 972 ad
422 924 510 987 quam
534 916 593 972 tota
611 905 785 973 Ronsseavii
800 909 933 972 doctrina
955 909 1116 985 reducitur,
1131 919 1164 975 et
1177 913 1208 974 ri

26 1008 125 1070 cuins
139 1005 289 1084 Princeps,
305 1004 430 1070 Senatus
444 1015 474 1070 et
493 1006 545 1069 alii
567 1022 677 1080 omnes,
691 1007 742 1085 qui
761 1005 967 1070 anctoritatem
990 1017 1136 1083 exercent,
1151 1025 1208 1074 non

27 1105 120 1169 aliud
140 1121 239 1168 revera
262 1113 332 1168 sunt
345 1106 401 1168 nisi
423 1105 571 1184 simplices
585 1106 777 1185 magistratus
793 1104 1036 1185 populiensis
1051 1114 1123 1169 nntu
1138 1123 1209 1186 pen·

28 1203 150 1266 denms.
173 1201 270 1276 Quare
289 1219 356 1268 curn
380 1203 515 1282 populus,
536 1203 678 1266 seditione
704 1203 793 1276 lacta,
812 1201 881 1265 illos
909 1203 946 1266 dc
973 1204 1068 1284 gradu
1097 1204 1208 1279 delicit,

29 1301 132 1363 utitur
153 1301 219 1364 iure
240 1315 309 1377 sno;
332 1317 385 1364 neo
406 1300 523 1364 rebellis
551 1300 744 1381 appellandus
771 1309 827 1379 est,
849 1301 927 1364 sicut
956 1318 1012 1365 non
1039 1302 1208 1381 appellatur

28 1398 155 1461 rebellis
184 1399 329 1477 princeps,
350 1399 402 1477 qni
430 1398 571 1462 officiales
599 1399 713 1478 aliquos
741 1414 861 1462 munere
888 1398 1035 1462 destituit.
1057 1397 1140 1464 Haec
1160 1412 1208 1464 est

29 1495 249 1576 irrefragabilis
263 1504 385 1560 naturae
398 1496 455 1570 lex,
470 1504 571 1559 contra
586 1511 675 1576 quam
690 1497 749 1558 rim
764 1496 874 1559 nullam
890 1496 981 1559 habet
1000 1498 1127 1577 quaevis
1146 1497 1205 1561 alia

30 1595 157 1674 politica
172 1595 352 1658 constitutio.
369 1592 418 1658 Sic
432 1595 562 1674 legitima
576 1595 704 1659 efficitur
717 1594 895 1674 perduellio;
909 1595 1002 1659 immo
1022 1596 1052 1658 in
1069 1595 1118 1657 ius
1138 1611 1209 1659 con·

32 1694 173 1770 vertitur,
195 1709 254 1773 qno
276 1693 320 1756 uti
341 1709 394 1772 pro
414 1694 499 1757 libito
520 1700 617 1773 potest
630 1691 791 1755 multitudo
806 1689 867 1772 (2),
881 1690 990 1770 singuli
1011 1698 1109 1754 autom
1125 1692 1207 1756 cives

32 1799 173 1868 respectu
195 1790 284 1854 huius
304 1792 412 1854 summi
435 1791 608 1869 imperantis
627 1791 744 1854 omnino
766 1789 975 1868 personalitate
996 1789 1168 1868 spoliantur.

74 1886 133 1952 His
153 1887 274 1969 deliriis,
291 1888 357 1968 plus
371 1890 479 1966 minus,
495 1904 595 1952 recens
614 1887 825 1954 Liberalismns
840 1890 981 1968 agitatur,
996 1891 1049 1967 qni
1065 1903 1158 1967 aeque
1172 1905 1207 1951 ac

33 1983 201 2060 Rousseao,
221 1987 331 2050 iontem
353 1986 538 2050 auctoritatis
560 1987 590 2049 in
611 1988 718 2066 populo
738 1986 880 2061 collocat;
900 1995 990 2066 atque
1009 1988 1061 2065 ita,
1083 1994 1117 2048 nt
1140 2000 1206 2048 eam

34 2083 163 2162 populns
192 2087 408 2148 communicare
433 2085 501 2148 aliis
528 2087 624 2165 quoad
655 2085 828 2149 exercitium
861 2085 965 2163 possit,
992 2085 1043 2148 sed
1068 2083 1207 2146 abdicare

34 2197 187 2259 nunqnam
209 2183 314 2261 possit.

83 2339 118 2400 (ll
136 2359 151 2387 e
162 2343 186 2390 A
202 2341 315 2407 l'instanp
330 2359 363 2394 au
379 2344 429 2394 lieu
445 2346 477 2394 de
488 2345 513 2394 la
524 2359 648 2410 personne
660 2344 821 2409 partientiere
833 2345 865 2392 de
876 2345 976 2406 chaque
988 2347 1157 2396 contractant,
1167 2344 1207 2387 oet

38 2427 97 2470 acte
113 2421 292 2474 d’assoc'ration
307 2425 412 2488 produit
428 2439 461 2474 un
479 2439 554 2489 corps
566 2425 647 2475 moral
664 2433 691 2474 et
706 2424 823 2482 collectis,
833 2425 954 2495 compose
965 2419 1121 2471 d'anlsntde
1132 2433 1208 2468 mem·

35 2501 104 2560 bros,
116 2516 165 2566 qne
181 2501 342 2554 l'aseemblee
357 2520 374 2554 0
390 2505 421 2554 10
433 2506 501 2567 roix;
513 2506 537 2554 la
549 2504 630 2570 quelle
646 2506 728 2568 repoit
744 2504 775 2554 de
792 2519 821 2554 ee
837 2507 920 2553 meme
935 2509 992 2552 ecre
1004 2516 1051 2552 son
1063 2501 1142 2558 unite,
1157 2513 1205 2547 eon

34 2581 89 2629 moi
105 2595 231 2643 commun,
248 2599 277 2633 sa
293 2585 333 2633 rie
350 2592 376 2634 et
392 2600 423 2634 sa
438 2586 549 2635 volente.
568 2585 640 2634 Getta
655 2599 781 2649 personne
799 2584 928 2648 pnbliqne,
944 2583 988 2647 qni
1003 2598 1032 2632 se
1048 2580 1130 2630 forms
1142 2579 1207 2629 ainsi

35 2677 85 2726 par
100 2660 196 2712 l'nnion
214 2663 246 2712 ds
262 2667 347 2714 tontes
363 2665 399 2714 les
415 2671 511 2720 autres,
521 2664 622 2728 prenait
633 2664 755 2715 autrefois
767 2666 789 2714 le
802 2678 876 2712 nome
887 2659 1120 2724 recreassemus
1131 2658 1210 2707 main·

36 2748 127 2790 tenant
143 2742 207 2790 oelni
223 2743 254 2791 de
277 2743 425 2808 republique
446 2758 480 2794 on
501 2743 532 2793 de
556 2759 631 2809 corps,
648 2744 776 2807 polirique,
800 2742 881 2806 lequel
904 2750 945 2791 est
968 2739 1067 2804 appelle
1095 2752 1142 2802 par
1165 2752 1207 2786 ses

36 2822 164 2872 membres
176 2809 248 2876 Erat,
266 2823 351 2886 quand
367 2822 385 2872 il
400 2831 440 2873 est
456 2823 542 2887 passis,
555 2825 701 2873 Souperae'n
714 2823 801 2888 quand
817 2823 834 2872 il
845 2829 885 2872 est
899 2820 967 2881 actis,
977 2821 1126 2870 Puiseance
1141 2833 1173 2867 en
1183 2819 1209 2866 10

36 2908 189 2965 comparant
205 2905 221 2952 1
237 2917 279 2952 000
297 2902 455 2953 semblables.
466 2890 490 2953 Ᾰ
502 2903 596 2968 l'egard
607 2904 651 2954 100
662 2903 773 2954 associes
784 2903 816 2952 ils
831 2909 956 2967 prennent
971 2899 1170 2950 colleclirement
1184 2897 1210 2946 10

36 2997 98 3032 nom
106 2982 138 3031 de
145 2985 240 3046 peteple
248 2991 273 3032 et
281 2983 429 3048 s’appellent
437 2999 467 3034 en
479 2984 622 3049 particulier
635 2985 767 3048 Gitoyens,
777 2999 875 3034 comme
883 2983 1047 3048 participante
1057 2980 1209 3031 dl’antorite

38 3064 195 3123 souveraine,
206 3070 232 3112 et
241 3064 324 3126 sujets
334 3079 433 3112 comme
445 3066 541 3114 soumis
551 3080 602 3114 anx
613 3065 659 3115 lois
670 3066 702 3114 de
712 3050 795 3114 t'l'ltet.
803 3084 817 3110 s
829 3066 876 3113 Dee
887 3072 994 3114 contrat
1002 3063 1096 3117 sociat,
1106 3061 1175 3119 1.1,0
1184 3058 1208 3109 3.

85 3142 120 3204 (2)
137 3142 207 3192 11000
222 3144 321 3193 theoria
337 3143 405 3193 alind
421 3159 472 3192 non
488 3151 528 3194 est
544 3145 689 3209 quidquam,
701 3145 750 3195 nisi
766 3144 990 3208 protestantlsrnns
1006 3142 1088 3192 ordini
1105 3139 1206 3205 politico

38 3222 188 3287 applicatus
204 3223 331 3272 Audiatnr
348 3223 511 3283 8010110010
527 3224 575 3273 hac
592 3225 616 3272 in
632 3239 661 3274 re
672 3225 775 3274 minime
787 3230 935 3289 suspectus:
947 3242 962 3270 e
972 3223 1011 3273 La
1026 3222 1132 3272 risorma
1143 3218 1208 3268 della

39 3303 130 3352 chiesa
145 3301 186 3352 nel
203 3302 286 3352 secolo
303 3304 471 3353 decimosesto
487 3317 596 3354 assume
611 3305 644 3353 ad
655 3318 690 3353 un
701 3309 785 3368 tempo
798 3319 889 3368 presso
906 3304 914 3353 1
931 3297 1208 3367 0000111011οἰ000110

39 3387 111 3446 parts
127 3382 261 3446 risormata
277 3398 310 3432 nn
327 3389 452 3432 carattere
470 3383 669 3433 assolutamente
686 3384 796 3448 politico.
813 3384 859 3434 Sin
876 3383 917 3432 dal
936 3381 1058 3448 principio
1075 3379 1208 3442 s’insegnd

39 3462 105 3512 nella
116 3463 285 3512 Costitneioue
297 3462 361 3512 della
373 3463 466 3512 chiesa
475 3467 566 3527 questa
581 3462 700 3522 dottrina,
715 3464 770 3521 che,
780 3465 843 3523 cine,
853 3463 964 3512 secondo
974 3477 1009 3510 nn
1021 3460 1109 3510 ordine
1121 3457 1206 3509 divino

39 3541 194 3592 immutabile
205 3543 282 3604 (iure
290 3542 393 3601 divino)
406 3541 429 3592 la
440 3555 597 3594 comnnanza
609 3543 737 3603 cristiana,
749 3544 859 3594 siccome
870 3542 894 3592 10
905 3554 1064 3591 comnnanna
1080 3539 1208 3596 de'Santi,

40 3621 123 3671 dobba
137 3635 211 3671 arere
227 3621 245 3670 il
261 3627 349 3686 potere
366 3636 485 3685 supremo
502 3621 565 3670 nelle
582 3637 641 3672 cose
658 3623 853 3674 ecclesiastiche.
868 3622 891 3671 Is
906 3622 927 3672 si
947 3621 1014 3673 0011
1031 3621 1086 3670 0001
1105 3620 1207 3669 innanzi

40 3703 68 3750 in
83 3700 161 3751 alcuni
178 3702 250 3766 paesi
266 3715 280 3751 s
297 3701 474 3765 specialmente
491 3702 555 3752 dore
570 3702 595 3752 10
611 3707 712 3768 potesta
728 3704 831 3768 politica
846 3703 867 3752 si
884 3700 1078 3766 opponeraalla
1094 3699 1209 3756 rison-ma,

40 3796 136 3846 oppnre
151 3781 200 3831 alla
217 3779 329 3852 signoria
346 3781 412 3832 della
428 3783 557 3833 comunita
572 3783 750 3843 ecclesiastica,
768 3785 801 3832 da
820 3787 951 3833 sostenere
973 3783 1020 3831 che
1038 3782 1062 3832 la
1079 3783 1208 3831 comunita

40 3861 163 3922 ds'Ssnti,
178 3861 195 3912 il
212 3861 304 3927 popolo
321 3862 346 3911 di
362 3861 418 3922 Dio,
434 3863 510 3913 abbia
526 3863 559 3913 da
574 3864 609 3912 lui
625 3866 738 3914 riceruto
755 3864 771 3912 il
788 3877 909 3927 supremo
930 3869 1019 3926 potere
1036 3865 1062 3912 in
1077 3862 1209 3926 generale:

40 3959 54 3992 e
69 3945 128 4007 perd
144 3942 225 3992 ancbe
241 3948 338 4006 quanto
354 3942 405 3992 alla
420 3942 515 3994 sociata
531 3944 609 4002 civile,
621 3960 635 3993 0
646 3945 731 4009 qnindi
748 3945 824 3994 abbia
839 3943 856 3993 il
872 3944 959 3994 diritto
976 3943 1031 3994 anai
1048 3942 1066 3993 il
1077 3944 1171 3994 dovere
1182 3944 1208 3993 di

40 4024 145 4087 deporre
162 4023 219 4087 quei
235 4038 264 4072 re
279 4023 325 4072 cbo
342 4026 507 4074 resistessero
524 4022 547 4074 ai
565 4025 671 4088 precetti
688 4025 711 4074 di
730 4025 785 4084 Dio,
803 4040 854 4075 non
871 4026 919 4074 che
934 4024 1069 4088 giudicarli
1081 4037 1095 4072 e
1107 4023 1208 4089 punirli.

40 4104 79 4152 Da
95 4111 182 4167 queste
198 4103 280 4152 teonis
295 4117 425 4166 naeqnero
440 4102 464 4151 le
480 4101 597 4163 violente,
609 4106 746 4168 agitazioni
763 4106 894 4155 discozia
914 4121 928 4154 0
944 4106 1132 4169 d'lnghilterrs,
1147 4121 1162 4154 e
1181 4108 1207 4154 10

42 4183 187 4246 lugbilterrs
203 4183 382 4246 specialmente
398 4181 423 4230 10
438 4181 591 4232 risoluzione
604 4183 717 4248 politice3
732 4184 758 4234 la
773 4183 856 4249 quale,
866 4199 918 4235 non
935 4191 1037 4235 estante
1053 4184 1078 4237 la
1094 4201 1142 4236 sna
1152 4192 1210 4249 pro·-

43 4262 116 4312 sonds
132 4260 276 4322 differenas,
292 4263 313 4314 ei
328 4261 398 4312 soole
414 4276 430 4310 0
445 4262 551 4324 ragione
571 4263 733 4314 considerare
756 4280 830 4315 0οι00
855 4265 950 4317 feriere
974 4264 1040 4316 delle
1054 4265 1181 4317 francese.
1192 4283 1208 4312 s

43 4343 129 4393 Stoma
147 4344 219 4394 della
234 4344 362 4408 111000ῄο
379 4341 423 4392 del
437 4341 542 4391 Diritto
557 4357 616 4404 000,
631 4343 672 4395 lib.
688 4344 729 4404 Ill,
746 4361 797 4396 sea.
814 4346 846 4408 V,
861 4361 882 4399 c.
897 4349 916 4400 1.
