3159 4934
278 280 312 337 90
791 290 928 334 aaaron

278 413 306 467 et
328 404 516 467 indistinctus
531 412 691 482 conceptus
706 403 833 467 alieuius
855 402 988 467 occultae
1008 404 1173 481 potestatis,
1193 420 1269 484 quae
1290 403 1376 467 nobis
1389 403 1449 466 im·

279 512 370 583 peret,
384 519 518 582 quaeque
538 504 680 567 obiective
701 504 833 582 inspecta
854 513 884 565 et
905 504 934 564 in
957 520 988 567 se
1002 519 1058 566 non
1072 514 1117 565 est
1131 504 1211 567 aliud
1225 506 1282 567 nisi
1297 503 1388 568 Deus.
1406 503 1448 567 llo

279 618 357 679 sane,
373 599 427 665 Dei
447 601 616 664 exsistentis
635 610 665 664 et
687 602 801 679 providi
823 601 939 665 notione
959 601 1122 679 supposita,
1136 618 1203 663 curn
1225 618 1280 665 nos
1300 602 1447 664 eiusmodi

278 700 409 777 practica
425 699 594 773 dictamina,
606 714 683 776 quae
696 700 734 761 ad
749 700 858 761 bonnm
870 697 1023 776 impellunt
1037 707 1126 777 atque
1140 716 1156 761 a
1172 701 1275 763 lraude
1289 700 1448 775 deterrent,

277 798 380 859 intime
394 797 551 859 audiamus
572 803 723 875 tamquam
737 796 849 875 aliquid
863 813 880 858 a
895 805 1001 859 natura
1015 806 1113 859 nostra
1129 797 1264 859 rationali
1283 798 1447 861 necessario

278 894 443 975 pullulans;
466 895 595 971 prolecto
609 893 809 973 'inl'elbgirin‘ns
820 860 1356 958 mmmmdfflffiucmrem
1372 910 1449 968 esse,

278 995 335 1057 nisi
357 1010 435 1069 eum,
448 1011 466 1056 a
480 1008 539 1072 quo
559 1001 663 1055 natura
679 994 742 1071 ipsa
759 992 890 1070 procedit
904 999 934 1054 et
948 994 1137 1071 gubernatur.
1155 988 1186 1053 ls
1200 992 1276 1053 enirn
1292 992 1449 1055 dumtaxat

279 1092 421 1155 actionem
443 1106 578 1153 exercerc
599 1097 695 1168 potest
716 1091 744 1153 in
767 1092 1002 1154 constitutionem
1024 1090 1118 1168 ipsam
1140 1090 1302 1153 naturalem
1324 1089 1448 1152 rationis

278 1196 404 1261 nostrae,
423 1188 508 1265 eique
530 1203 668 1251 normam·
683 1188 823 1265 operandi
845 1189 1054 1264 praescribere.
1069 1185 1163 1262 Onam
1189 1188 1339 1255 veritatem
1359 1202 1450 1265 expe·

279 1286 383 1348 rientla
397 1301 514 1365 quoque
534 1287 699 1349 confirmat.
714 1283 791 1348 Nam
813 1287 939 1363 quisque
954 1285 1051 1364 (modo
1065 1302 1083 1347 a
1104 1293 1209 1349 natura
1229 1286 1297 1348 duci
1313 1302 1344 1348 se
1360 1285 1450 1361 sinat,

277 1397 401 1461 eamque
417 1398 509 1460 prava
523 1382 732 1445 consuetudine
746 1398 803 1445 non
818 1383 1014 1463 perverterit),
1029 1384 1055 1446 si
1069 1384 1144 1448 forte
1158 1386 1268 1447 crimen
1288 1392 1449 1461 utcumque

279 1480 428 1543 oecultum
451 1482 623 1557 patraverit,
652 1496 760 1558 pavore
789 1481 916 1557 quodam
937 1482 993 1544 etsi
1014 1482 1127 1545 invitus
1151 1484 1281 1547 afficitur
1305 1498 1341 1546 ae
1362 1483 1448 1544 firma

280 1579 465 1656 persuasione
486 1580 617 1657 agitatur
637 1594 668 1642 se
689 1578 719 1640 id
740 1594 798 1641 non
819 1578 949 1640 laturum
971 1578 1099 1656 impune.

319 1672 397 1737 Hinc
416 1676 550 1753 sequitur
571 1682 723 1752 peccatum
747 1675 996 1753 philosophicum,
1010 1678 1089 1755 quod
1103 1678 1193 1756 aiunt,
1210 1677 1348 1756 possibile
1363 1677 1448 1755 plane

279 1790 334 1836 non
356 1789 422 1836 esse
443 1771 494 1851 (l).
516 1768 592 1837 Nam
622 1773 768 1837 dictamen
790 1774 924 1847 rationis,
952 1774 1044 1836 solam
1074 1774 1268 1837 moralitatem
1297 1776 1447 1838 actionum

280 1872 363 1934 nobis
384 1863 527 1949 aperiens,
548 1871 604 1933 elsi
625 1872 825 1935 abstractione
846 1872 953 1933 mentis
974 1872 1151 1935 considerari
1179 1888 1313 1935 seorsum
1339 1874 1449 1950 possic3

280 1978 377 2029 tamen
399 1968 516 2030 realiter
535 1976 565 2030 el
585 1970 615 2030 in
638 1985 669 2031 se
690 1969 755 2031 dari
776 1985 877 2031 revera
899 1985 955 2031 non
982 1978 1087 2047 potest
1110 1967 1201 2032 Prout
1224 1971 1302 2032 enim
1326 1979 1396 2032 actu
1416 1972 1448 2033 in

281 2066 366 2128 nobis
380 2066 522 2145 gignitur,
535 2081 696 2145 numquam
712 2067 1093 2153 dissociaturabimperiq
1135 2085 1172 2131 uo
1187 2069 1294 2130 bonum
1309 2069 1347 2130 ad
1361 2070 1451 2131 linem

280 2164 480 2227 necessarium
503 2164 649 2243 prosequi,
664 2164 773 2226 nralnm
797 2165 936 2243 aufugere
950 2150 1107 2229 iubemur.R
1085 2078 1268 2229 ¹{letamen
1289 2175 1388 2229 antem
1403 2183 1451 2229 ra·

281 2263 379 2337 tionis
400 2264 490 2325 boc'
482 2264 604 2341 imperio
631 2265 781 2336 allectum,
809 2263 918 2342 legem
932 2264 1094 2343 constituit,
1121 2263 1207 2327 cuius
1237 2262 1452 2361 praevaricatio

283 2363 402 2424 confusa
423 2360 527 2423 saltem
557 2362 788 2439 apprehenditur
814 2372 966 2439 tamquam
994 2363 1102 2425 offensa
1128 2360 1191 2425 Dei.
1211 2359 1252 2425 Ut
1272 2336 1356 2424 enim
1377 2361 1449 2436 dixi,

282 2460 435 2534 indicium,
449 2460 525 2539 quod
548 2459 660 2537 aliquid
682 2460 763 2522 iubet
784 2470 837 2520 aut
859 2467 947 2533 vetat,
962 2462 1041 2522 boc
1034 2475 1100 2537 rpso
1114 2458 1288 2537 implicitam
1304 2458 1450 2522 notionem

283 2559 372 2620 babet
394 2556 560 2633 Superioris
580 2556 733 2619 cuiusdam
749 2566 882 2630 naturae,
897 2558 1030 2631 cuius,si
1051 2567 1153 2621 contra
1172 2556 1309 2629 iacimus,
1323 2556 1451 2619 auetori-

283 2664 372 2716 tatem
394 2654 617 2717 contemnimus.
633 2654 735 2733 Atque
755 2654 825 2716 binc
839 2656 927 2717 etiam
943 2661 1066 2733 apparet
1078 2655 1148 2733 quid
1165 2654 1205 2715 sit
1220 2654 1381 2716 necessitas
1399 2652 1451 2715 illa

283 2751 413 2825 moralis,
433 2753 471 2814 ab
493 2752 668 2829 obligatione
689 2752 764 2831 legis
785 2751 914 2815 inducta.
937 2750 1058 2829 Proprie
1083 2752 1159 2813 enim
1181 2751 1210 2812 in
1237 2752 1293 2814 boc
1317 2751 1373 2813 sita
1393 2759 1450 2825 est,

281 2849 361 2928 quod
382 2856 506 2926 nequeat
526 2848 614 2912 bomo
634 2849 736 2927 legis
728 2851 852 2927 imperio
874 2850 1021 2925 reluctari,
1042 2850 1114 2927 quin
1136 2864 1192 2911 non
1214 2849 1300 2911 modo
1319 2848 1451 2911 ordinem

283 2946 404 3009 rationis
419 2962 436 3007 a
453 2946 551 3008 divina
573 2947 714 3025 sapientia
736 2948 880 3011 dictatum
896 2948 1076 3025 pessumdet,
1097 2947 1303 3010 verumetiam
1321 2941 1474 3024 supremi

200 3086 205 3097 .
246 3098 248 3106 Α
282 3042 459 3121 legislatoris
482 3044 660 3107 voluntatem
684 3046 929 3123 transgrediatur.

321 3136 371 3204 92
394 3138 569 3203 Peoeosxrro
590 3137 634 3203 3³.
655 3140 827 3203 Admitti
814 3159 849 3203 noe
869 3139 936 3205 Deo
956 3139 1043 3204 deleo
1062 3139 1113 3204 lec
1134 3146 1271 3205 aelerna.

323 3225 410 3302 Prob.
432 3236 472 3302 Ut
493 3240 632 3303 observat
653 3237 682 3303 S.
704 3238 845 3314 Thomas,
867 3242 896 3304 in
920 3240 1054 3318 quolibet
1074 3242 1255 3320 gubernante
1282 3240 1454 3318 praeexistit

283 3338 359 3399 ratio
379 3336 490 3399 ordinis
509 3352 621 3411 eorum,
641 3353 718 3415 quae
739 3339 852 3416 agenda
873 3345 942 3399 sunt
962 3339 1001 3401 ab
1020 3339 1067 3411 iis,
1089 3339 1140 3417 qui
1162 3338 1366 3417 gubernationi
1381 3340 1455 3401 sub·

282 3434 402 3497 duntur.
424 3432 504 3497 Deus
526 3440 623 3496 autem
646 3435 825 3513 gubernator
845 3443 892 3498 est
912 3451 1011 3498 rerum
1033 3437 1172 3509 omnium,
1193 3443 1223 3499 et
1243 3452 1300 3499 non
1322 3444 1454 3514 tempore

284 3533 335 3596 sed
350 3534 522 3595 aeternitate
536 3532 771 3610 operatorium
786 3533 863 3595 enim
879 3534 918 3595 sit
931 3531 993 3597 Eos
1008 3533 1201 3607 immutabile,
1214 3534 1358 3613 quidquid
1371 3535 1454 3608 iacit,

284 3632 313 3692 in
335 3630 506 3693 aeternitate
525 3631 608 3705 iaeit;
625 3646 709 3711 quae,
731 3639 816 3693 extra
838 3639 954 3709 tempus
974 3632 1127 3710 exsistens,
1143 3640 1260 3709 tempus
1274 3647 1359 3695 omne
1373 3649 1455 3697 com-

285 3732 432 3809 plectitur,
443 3734 563 3809 eiusque
578 3732 661 3796 initio
675 3741 705 3795 et
719 3734 855 3810 partibus
870 3741 930 3795 tota
945 3733 1032 3796 simul
1048 3743 1137 3811 atque
1150 3734 1271 3797 immota
1286 3733 1455 3813 respondet.

223 3844 225 3855 ¹
284 3828 365 3909 Ergo
385 3832 502 3895 admitti
523 3831 609 3895 debet
629 3831 659 3893 in
672 3828 745 3905 Deo,
761 3838 913 3908 tamquam
927 3831 957 3893 in
979 3846 1117 3909 supremo
1132 3831 1273 3909 principe,
1287 3839 1317 3895 et
1333 3833 1454 3910 quidem

333 4026 366 4084 (1)
388 4025 524 4075 Peccatum
546 4024 748 4089 philosophicum
770 4022 900 4088 appellant
923 4024 1054 4081 actionem,
1076 4040 1127 4089 qua
1149 4025 1205 4088 quia
1227 4032 1347 4089 operetur
1363 4034 1456 4077 eontra

284 4108 411 4156 dictamen
427 4106 542 4161 rationis,
554 4106 621 4170 quod
638 4106 764 4155 obiectum
780 4104 927 4153 manifestet
942 4111 1073 4169 tamquam
1085 4114 1193 4155 naturae
1206 4106 1330 4165 difforme,
1346 4107 1406 4173 quin
1422 4110 1456 4157 de

284 4185 339 4236 Deo
356 4185 461 4249 eiusque
477 4184 532 4247 lege
550 4186 688 4249 quidquem
705 4186 811 4249 cogitem
830 4199 860 4235 ae
877 4185 981 4248 proinde
999 4185 1056 4234 licet
1072 4193 1191 4234 naturam
1206 4185 1300 4247 laedat,
1311 4186 1355 4236 Dei
1367 4193 1454 4237 tamen

285 4265 411 4315 offensam
429 4279 480 4313 non
497 4264 619 4314 incurrat.
