3159 4934
226 349 312 394 carui·
329 351 356 393 ll.
374 352 409 393 hd
426 351 590 394 oruahrtohu
608 352 717 395 humans
734 327 821 394 'Pauor
839 350 990 396 §autumn
1007 356 1035 397 ht
1053 357 1132 399 Ftlttttt
1224 345 1259 404 ‘7

88 462 210 526 lectioni
224 478 341 542 operam
359 473 459 528 navat.
474 464 641 528 Audiamus
655 466 761 528 iterum
777 466 969 546 Aquinatem:
985 490 1003 526 c
1016 468 1113 532 Actus
1132 471 1260 534 alicuius

88 559 221 624 hominis
236 562 324 625 habet
339 564 480 626 rationem
495 565 592 626 meriti
609 563 655 626 vel
670 565 815 643 demeriti,
830 567 990 628 seeundum
1005 569 1083 645 quod
1104 570 1261 633 ordinatur

85 658 126 720 ad
147 659 276 720 alterum
296 659 474 759 uenatione
496 661 541 724 sui
563 661 608 724 vel
628 663 741 725 ratione
762 664 992 754 communitatis.
1012 662 1144 744 Utroque
1160 676 1260 732 autem

87 757 178 820 modo
199 765 285 820 actus
306 759 399 821 nostri
421 760 489 822 boni
510 760 556 822 i'el
577 759 647 821 mali
668 760 777 824 habent
793 752 935 823 rationem
952 763 1051 826 meriti
1065 764 1110 827 vel
1124 765 1261 830 demeriti

87 856 171 934 apud
193 854 299 919 Deum.
314 855 439 922 Ratione
453 858 573 936 quidem
593 858 696 937 ipsius,
710 859 740 920 iu
759 868 903 937 quantum
924 869 971 922 est
991 860 1113 924 ultimus
1133 864 1261 927 huminis

85 957 177 1030 finis;
192 965 237 1018 est
251 963 349 1019 autem
371 957 505 1022 debitum
522 965 554 1019 ut
567 957 605 1020 ad
619 960 707 1020 tinem
722 957 860 1021 ultimum
875 974 975 1022 omnes
988 967 1074 1022 actus
1088 962 1259 1025 referantur.

87 1049 178 1115 Unde
198 1053 246 1131 qui
270 1055 341 1117 lacit
361 1063 461 1117 actum
483 1054 603 1129 malum,
624 1071 680 1118 non
701 1054 876 1119 retertotlem
898 1055 927 1119 in
949 1055 1053 1132 Deum,
1076 1074 1131 1120 nou
1159 1068 1262 1122 servat

86 1152 233 1214 honorem
254 1149 319 1226 Dei,
339 1155 390 1232 qni
412 1152 516 1215 ultimo
536 1153 588 1214 fini
607 1152 739 1216 debetur.
761 1151 808 1215 Ex
829 1161 913 1232 parte
935 1169 1005 1217 vero
1025 1156 1116 1217 totius
1130 1170 1261 1219 commu·

86 1247 194 1310 uitatis
217 1249 361 1324 universi;
383 1249 453 1327 quia
466 1251 495 1312 iu
516 1248 646 1328 qualibet
660 1251 870 1314 communitate
884 1250 942 1326 ille,
957 1252 1010 1331 qui
1030 1255 1107 1331 regit
1128 1269 1259 1317 commu·

87 1345 226 1425 nitatem,
241 1349 397 1425 praecipue
410 1339 501 1410 uano
517 1363 620 1410 curam
636 1349 703 1410 honi
717 1349 896 1422 communis3
913 1349 989 1412 unde
1004 1349 1122 1412 adeum
1134 1352 1261 1428 pertinet

85 1445 254 1508 retribuere
275 1462 328 1524 pro
348 1449 405 1520 his,
425 1463 501 1526 quac
521 1447 567 1509 uel
588 1447 660 1509 bene
682 1446 729 1509 uel
748 1447 824 1510 male
837 1449 913 1509 dunt
926 1447 1190 1538 incommoditate.
1206 1447 1261 1512 Est

85 1551 191 1606 autem
206 1541 287 1606 Deus
301 1545 477 1622 gubernator
499 1545 589 1608 totius
604 1544 732 1607 universi
747 1553 777 1606 et
790 1544 956 1622 specialiter
977 1545 1164 1608 rationalium
1179 1561 1261 1608 crea·

86 1651 237 1704 curarum.
259 1639 345 1705 Unde
366 1643 552 1705 manifestum
573 1650 619 1705 cst
640 1644 719 1721 quod
740 1651 827 1706 actus
848 1643 970 1705 humani
991 1643 1100 1706 hahent
1116 1643 1258 1707 rationem

88 1740 191 1802 meriti
214 1738 260 1803 vel
282 1739 415 1802 demeriti
437 1756 488 1817 per
502 1741 750 1819 comparationem
764 1741 803 1802 ad
817 1741 932 1817 ipsum:
947 1739 1074 1818 alioquin
1089 1749 1261 1816 sequeretur

84 1838 170 1916 quod
190 1835 274 1900 Deus
293 1853 348 1900 non
370 1838 493 1900 haberet
514 1855 616 1900 curam
638 1839 674 1901 dc
695 1838 861 1902 actionibus
881 1839 1019 1901 humanis
1035 1837 1086 1917 (l).
1102 1860 1120 1896 »

472 2065 647 2132 Solvuntur
667 2066 879 2149 difficultates.

128 2223 181 2290 64.
206 2225 298 2291 Obiic.
322 2226 344 2292 Ι.
366 2227 505 2292 Meritum
525 2237 555 2292 et
575 2229 749 2292 demeritum
770 2229 931 2306 important
955 2229 1085 2293 ordinem
1114 2230 1152 2292 ad
1179 2246 1259 2294 com·

90 2325 294 2403 pensationom
309 2326 496 2389 emolumenti
513 2326 559 2390 vel
573 2327 683 2401 damni,
697 2327 775 2405 quod
789 2327 875 2390 alteri
889 2335 1073 2404 procuratur.
1089 2325 1146 2390 Sed
1164 2327 1261 2390 nullus

89 2433 179 2488 actus
192 2425 322 2487 hominis
336 2432 432 2503 potest
455 2439 576 2504 vergere
590 2426 620 2487 in
634 2424 863 2488 emolumentum
877 2426 923 2489 rel
936 2425 1074 2488 damnum
1096 2423 1159 2487 Dei.
1181 2424 1260 2504 Ergo

88 2524 166 2586 nulli
181 2527 261 2586 actui
278 2525 407 2588 humanu
421 2531 517 2602 potest
531 2527 628 2587 inesse
642 2525 718 2588 ratio
732 2524 831 2586 meriti
844 2523 890 2585 vel
904 2523 1038 2586 demeriti
1049 2530 1184 2598 respectu
1196 2520 1259 2585 Dei.

129 2619 171 2685 R.
186 2618 268 2685 Haec
289 2621 449 2685 difficultas
462 2622 578 2685 omnino
592 2621 743 2684 evanescit
757 2637 794 2683 cx
808 2621 856 2694 iis,
870 2636 945 2699 quac
959 2620 1037 2683 dicta
1054 2621 1166 2683 suntin
1181 2621 1258 2683 thesi

87 2720 197 2793 tertia3
218 2736 255 2782 ex
276 2721 386 2798 quibus
401 2727 524 2798 apparet
538 2719 775 2798 distinguendam
789 2734 856 2780 csse
870 2718 1039 2782 minorem:
1053 2717 1161 2781 Nullus
1176 2727 1261 2781 actus

87 2821 241 2881 humanus
262 2825 357 2895 potest
377 2833 498 2896 uergere
519 2819 548 2880 in
572 2816 802 2881 emolumentum
828 2816 875 2879 rel
902 2817 1042 2878 damnum
1070 2814 1134 2890 Dei,
1162 2817 1260 2895 quoad

86 2917 287 2995 perfectiones
308 2915 467 2978 othonum
487 2915 551 2978 eius
572 2915 774 2988 intrinsecum,
788 2931 880 2990 cocc‚·
901 2913 998 2991 quoad
1012 2913 1135 2992 gloriam
1149 2915 1261 2976 extrin-

87 3030 203 3095 secam,
225 3021 254 3077 ct
275 3013 405 3078 ordinem
427 3015 465 3074 ah
491 3013 557 3090 ipso
587 3011 807 3076 constabilitum
836 3011 866 3072 in
893 3012 992 3088 rebus,
1012 3030 1098 3090 cepo.
1120 3010 1170 3074 Ad
1198 3027 1261 3075 rem

87 3113 120 3177 S.
144 3110 292 3176 Thomas:
316 3134 334 3168 «
349 3109 404 3174 Per
425 3118 523 3174 aetum
546 3111 685 3183 hominis,
698 3107 760 3172 Deo
781 3109 941 3172 secuudum
963 3125 994 3172 sc
1014 3109 1087 3171 nihil
1102 3117 1197 3186 potest
1211 3125 1261 3172 ao-

87 3227 225 3275 crescere
246 3211 293 3274 vel
314 3210 463 3288 deperire;
484 3210 535 3272 sed
557 3217 654 3272 tamen
681 3208 780 3283 homo,
801 3213 943 3285 quamnm
964 3208 994 3269 in
1016 3219 1047 3269 se
1074 3215 1128 3280 est,
1149 3206 1261 3285 aliquid

89 3310 246 3373 subtrahit
267 3307 328 3372 Deo
356 3308 401 3370 uel
422 3308 449 3370 ei
469 3307 597 3380 exhibet,
618 3321 686 3369 oum
707 3313 805 3369 servat
833 3304 878 3368 vel
906 3319 963 3368 non
991 3315 1092 3368 servat
1119 3304 1262 3378 ordinem,

86 3424 180 3488 quem
201 3407 283 3471 Deus
304 3406 432 3470 instituit
446 3405 497 3485 (2).
513 3426 531 3462 »

139 3503 232 3568 Obiic.
246 3503 283 3569 tt.
298 3503 529 3570 lustramentum
543 3501 616 3564 nihil
630 3507 760 3564 meretur
776 3501 820 3564 vel
835 3501 1000 3564 demeretur
1020 3500 1100 3578 apud
1117 3516 1194 3573 eum,
1208 3499 1261 3577 qui

85 3603 189 3666 utitur
208 3603 413 3674 iustrumento;
434 3601 503 3679 quia
525 3609 585 3664 tota
607 3601 685 3662 actio
706 3600 893 3661 instrumenti
914 3606 958 3660 nst
979 3600 1088 3660 utentis
1107 3598 1181 3674 ipso.
1203 3594 1260 3659 Sed

85 3704 183 3764 humo
203 3698 232 3761 in
252 3699 365 3779 agendo
385 3706 430 3762 est
450 3700 677 3761 instrumentum
699 3696 815 3760 divinae
837 3696 967 3758 uirtutis.
981 3694 1062 3774 Ergo
1076 3695 1174 3768 horno,
1190 3695 1262 3757 heae

82 3799 206 3879 agendo
225 3797 273 3863 vel
293 3798 379 3879 male,
400 3814 456 3861 non
477 3807 613 3860 merctur·
626 3796 673 3858 uel
693 3795 861 3858 demoretur
883 3794 962 3873 apud
985 3793 1088 3857 Deum.

130 3893 167 3960 R.
190 3893 270 3960 Huic
291 3895 469 3969 difficultati,
490 3911 579 3974 quam
601 3895 658 3956 sihi
680 3893 824 3971 proponit,
839 3892 883 3954 sic
898 3891 1053 3968 respondet
1068 3887 1097 3953 S.
1113 3887 1258 3954 Thomas:

87 4018 107 4053 «
131 3993 296 4058 Dicendum
317 3993 397 4072 quod
417 3995 505 4056 homo
526 3993 569 4056 sic
595 3999 728 4055 movetur
747 4005 765 4051 a
787 3987 850 4052 Deo
872 3989 1162 4070 utinstrumentum,
1183 3988 1264 4067 quod

137 4207 173 4268 (1)
193 4207 306 4256 Summa
324 4205 360 4255 th.
378 4204 415 4255 ht
430 4203 478 4255 2⁸⁶
495 4219 518 4268 q.
535 4202 602 4260 XXI,
618 4217 641 4250 a.
657 4202 681 4251 t.

137 4287 174 4350 (2)
191 4287 254 4336 Ibid.
271 4301 294 4336 a.
311 4284 327 4333 4
343 4285 376 4336 ad
393 4285 416 4334 l.
