3159 4934
295 276 331 336 30
551 304 552 311 ε
805 296 944 338 nrurua

298 415 412 470 ceterae
434 407 558 469 subsint.
580 401 705 468 Proinde
726 407 834 470 bunum
855 408 1016 470 maximum
1037 409 1076 471 ad
1097 410 1257 488 principem
1282 411 1472 482 facultatem,

298 522 373 583 quae
393 507 423 566 in
440 505 557 567 homine
578 506 653 567 ratio
667 513 720 582 est,
736 505 878 582 pertinere
899 506 993 580 dehet,
1007 513 1096 584 atque
1116 508 1158 569 ita
1173 516 1206 569 ut
1225 524 1290 570 earu
1304 508 1423 586 expleat
1437 523 1469 571 et

298 603 446 666 cumulate
471 603 614 680 perficiat.
638 599 758 665 Ceteras
779 612 878 665 autem
903 604 1059 666 facultates
1080 607 1123 668 sic
1143 605 1239 686 evolvi
1260 622 1335 684 opus
1354 617 1413 682 est,
1436 619 1472 670 ut

297 701 391 764 eidem
413 701 584 763 inserviant.
599 697 678 762 Hinc
699 701 795 764 uritur
809 709 843 763 ut
865 716 916 779 pro
937 703 1225 766 circumstantiarum
1248 705 1392 768 varietate
1410 725 1470 770 una

297 799 403 876 potius,
418 815 506 877 quam
529 798 620 860 altera
642 798 812 876 explicetur.
828 796 905 862 Nam
926 800 954 860 si
973 801 1047 863 forta
1067 802 1216 881 contingat
1237 812 1270 866 ut
1291 819 1344 881 pro
1365 820 1470 867 rerum

233 892 235 894 ’
294 906 400 960 eventu
414 897 563 969 facultatis
584 895 708 958 alicuius
721 896 850 959 evolutio
870 912 1024 975 supremae
1045 897 1220 973 reluctatum
1242 909 1322 964 certe
1343 918 1473 965 eonsen-

296 1006 413 1058 laneum
429 996 485 1058 erit
500 1002 533 1056 ut
546 995 609 1056 eius
623 994 753 1070 operatio
774 997 1033 1071 praetermittatur.
1049 994 1131 1069 Quae
1152 1014 1224 1060 sane
1246 1001 1473 1076 praetermissio

297 1096 355 1172 ipsi
371 1092 514 1165 facultati,
529 1093 571 1156 sic
592 1092 758 1168 impeditae,
772 1093 938 1167 couveniet;
953 1110 1008 1156 uon
1023 1095 1142 1172 quidem
1157 1094 1295 1160 absolate
1314 1100 1365 1162 sed
1384 1098 1473 1162 reda

296 1192 356 1254 dioc
377 1198 535 1268 spectatae,
557 1197 643 1267 prout
664 1205 766 1266 nempe
787 1189 825 1251 ad
846 1190 973 1254 hominis
994 1192 1199 1268 perfectionem
1221 1197 1355 1259 refertur.

342 1287 434 1352 Obila.
447 1285 498 1352 lll.
512 1286 544 1350 lu
554 1285 740 1365 philosophia
755 1287 957 1350 consideratur
967 1291 1039 1352 ordo
1051 1291 1205 1353 dumtaxat
1218 1293 1370 1356 naturalis.
1383 1291 1472 1372 Ergo

299 1387 439 1449 debemus
466 1385 546 1462 loqui
574 1385 611 1446 de
632 1383 736 1447 ultimo
763 1385 821 1446 fine
849 1384 986 1458 hominis,
1012 1394 1100 1462 prout
1126 1387 1164 1448 ad
1189 1388 1320 1451 ordinem
1348 1397 1471 1452 tantum

298 1481 461 1545 naturalem
489 1483 622 1558 pertinet.
647 1480 689 1543 At
715 1481 790 1544 visio
810 1481 1016 1544 intellectualis
1032 1481 1085 1546 Dei
1113 1485 1238 1561 pertinet
1262 1487 1301 1548 ad
1328 1487 1468 1549 ordinem

298 1579 558 1659 supernaturalem.
574 1577 654 1658 Ergo
676 1594 828 1657 perperam
849 1579 1038 1642 constituitur
1053 1588 1086 1642 ut
1106 1582 1228 1644 ultimus
1241 1584 1309 1645 duis
1323 1584 1469 1647 hominis.

338 1677 375 1742 R.
398 1677 556 1740 Transeat
578 1679 705 1754 primum
726 1674 915 1753 antecedens,
933 1685 962 1738 et
983 1687 1112 1740 trauseat
1136 1680 1225 1741 etiam
1246 1696 1334 1742 suum
1356 1699 1468 1744 conse-

299 1784 404 1856 paens.
428 1776 476 1838 Ad
497 1756 698 1853 probationem
723 1771 900 1855 distinpno:
922 1770 1008 1836 Visio
1021 1775 1225 1838 intellectualis
1241 1775 1294 1839 Dei
1313 1779 1473 1841 intuitioa

299 1875 425 1952 pertinet
445 1873 483 1934 ad
504 1872 635 1935 ordinem
657 1870 917 1946 supernaturalem,
930 1887 1020 1944 eona·
1042 1870 1115 1934 visio
1135 1873 1305 1951 aequitiae,
1320 1891 1405 1952 nego.
1424 1876 1471 1940 Et

297 1986 372 2050 nego
392 1970 527 2032 ultimum
549 1983 753 2046 consequens;
780 1983 837 2029 nou
857 1969 934 2031 euim
956 1970 1050 2044 prima
1072 1970 1156 2042 visio,
1177 1971 1229 2032 sed
1255 1973 1385 2035 secunda
1409 1989 1466 2051 po·

295 2070 376 2131 nitur
393 2076 426 2130 ut
446 2067 570 2129 ultimus
590 2066 658 2128 huis
679 2064 807 2128 hominis
828 2066 857 2125 iu
877 2065 979 2128 ordine
998 2067 1133 2129 naturali.

337 2163 570 2228 Transmisimus
584 2165 712 2242 primum
734 2163 906 2224 antecedens
928 2178 996 2225 aum
1017 2180 1072 2226 suo
1093 2167 1291 2244 consequenti,
1304 2169 1377 2246 quia
1400 2169 1475 2246 phi-

296 2265 439 2341 losephus
460 2262 640 2326 christianus
661 2275 717 2324 nou
745 2267 841 2339 potest
860 2261 976 2323 omnino
1003 2262 1207 2339 praescindere
1228 2266 1266 2327 ab
1286 2265 1390 2329 ordine
1414 2284 1474 2328 su-

297 2361 487 2444 pernaturali,
514 2361 552 2422 ad
580 2375 667 2438 quem
694 2360 782 2422 homo
810 2356 941 2421 elevatus
969 2366 1027 2432 est;
1056 2359 1113 2420 nisi
1140 2360 1219 2438 loqui
1246 2362 1317 2424 velit
1344 2364 1384 2426 de
1412 2366 1472 2426 ho·
1573 2350 1575 2373 '

296 2462 374 2524 mine
397 2459 576 2539 hypotetico,
600 2473 656 2520 nou
681 2455 762 2517 reali.
777 2453 870 2518 Aliud
893 2456 970 2519 euim
990 2457 1131 2535 estquod
1153 2459 1265 2521 directa
1285 2471 1471 2538 argumenta

296 2575 417 2622 suarum
438 2555 719 2620 demonstrationum
740 2554 910 2632 depromere
930 2555 1034 2617 debeat
1055 2573 1072 2617 a
1094 2556 1206 2620 ratione
1225 2557 1365 2635 naturali,
1385 2560 1473 2636 quod
1573 2560 1575 2611 ἑ

269 2647 272 2654 ’
294 2657 419 2719 libenter
430 2655 631 2726 concedimus3
645 2652 723 2714 aliud
735 2665 805 2715 vero
818 2662 865 2715 est
878 2654 956 2729 quod
967 2654 997 2714 iu
1011 2670 1065 2716 sua
1080 2654 1323 2732 contemplatione
1335 2665 1473 2719 mentem

294 2769 417 2832 prorsus
439 2759 541 2813 avocet
562 2750 599 2813 ab
612 2739 712 2813 ordine
734 2751 963 2826 supernaturali,
983 2751 1062 2828 quod
1082 2767 1135 2814 nec
1151 2752 1322 2829 requiritur,
1342 2769 1399 2818 nec
1421 2771 1474 2817 sa-

297 2851 412 2928 pienter
440 2849 532 2910 fieret.
555 2845 763 2920 Nihilominus,
787 2853 925 2924 quoniam
949 2847 1117 2910 huiusmodi
1143 2864 1189 2910 res
1216 2850 1254 2912 ad
1280 2859 1474 2927 praesentem

294 2947 495 3026 quaestionem
516 2959 573 3006 non
594 2944 673 3016 facit,
695 2943 804 3005 habeat
824 2943 1009 3006 adversarius
1029 2951 1169 3022 uuquam
1184 2964 1362 3010 concessam
1384 2960 1475 3012 aute-

294 3043 401 3108 oedens
421 3040 493 3102 illud
508 3049 537 3102 et
550 3055 739 3118 consequens.
761 3039 836 3104 'lota
860 3041 904 3102 vis
925 3041 1108 3103 difficultatis
1128 3052 1174 3106 est
1193 3045 1223 3106 iu
1245 3046 1361 3109 maiori
1374 3064 1477 3127 argu·

295 3140 396 3212 menti,
407 3138 485 3216 quod
500 3137 694 3209 subnectitur,
707 3153 783 3215 quae
795 3139 953 3215 propositio
968 3138 1171 3217 distinguenda
1186 3143 1304 3207 omuino
1317 3153 1373 3206 est.
1386 3143 1475 3208 Nam

295 3254 351 3302 nou
380 3238 476 3300 onruis
498 3233 552 3297 Dei
579 3235 653 3297 visio
675 3235 712 3295 ud
734 3235 987 3311 supernaturalem
1016 3237 1147 3298 ordinem
1176 3249 1304 3316 speetat3
1340 3243 1477 3306 sedilia

297 3343 409 3396 tantum
425 3349 501 3411 quae
517 3333 551 3393 fit
567 3347 617 3408 per
632 3331 727 3408 ipsam
741 3331 900 3392 essentiam
923 3329 985 3404 Dei,
999 3333 1202 3397 informantem
1224 3337 1411 3401 intellectum
1423 3343 1477 3404 vi-

295 3432 401 3508 dentis,
422 3431 508 3508 eique
529 3445 560 3491 se
580 3427 751 3490 immediate
777 3428 1006 3506 patefaciectcm,
1027 3438 1057 3493 et
1075 3447 1151 3508 qnae
1172 3434 1293 3511 proinde
1313 3437 1479 3500 intuitioa

295 3528 470 3608 appellatur.
496 3527 539 3589 At
563 3528 678 3602 praeter
704 3525 788 3598 hanc,
815 3524 873 3585 alia
896 3525 969 3587 visio
993 3525 1046 3589 Dei
1067 3528 1170 3591 haberi
1194 3540 1306 3606 posset,
1333 3549 1386 3610 per
1412 3535 1478 3598 ali-

205 3621 206 3626 ’
295 3641 385 3706 qnam
407 3638 510 3700 nempe
537 3621 663 3684 idealem
689 3621 922 3696 similitudinem,
941 3638 993 3684 seu
1014 3625 1152 3702 spesina,
1176 3627 1340 3692 intellectui
1362 3648 1380 3694 a
1403 3630 1478 3698 Deo

294 3725 469 3794 immissam,
484 3722 513 3783 ia
528 3736 586 3797 qua
608 3719 704 3782 vivide
725 3717 779 3781 Dei
799 3728 905 3780 natura
926 3718 1069 3793 reluceat3
1092 3737 1224 3801 quamue
1245 3728 1406 3803 perfectior
1421 3734 1479 3794 vel

294 3819 394 3884 minus
411 3819 539 3896 perfecta
554 3817 702 3878 tribuatur
716 3831 769 3894 pro
784 3815 953 3878 meritorum
969 3817 1148 3886 diversitate.
1162 3817 1244 3886 Haec
1257 3825 1337 3888 intra
1353 3827 1477 3893 limites

295 3916 438 3980 naturalis
449 3915 560 3977 ordinis
572 3913 782 3986 continuatum
797 3922 827 3976 et
837 3929 853 3974 a
865 3913 976 3977 visione
987 3913 1135 3979 ininitioa
1145 3918 1286 3997 differret,
1296 3939 1355 3987 non
1368 3932 1476 4004 quoad

278 4014 453 4096 obiectum,
469 4010 519 4072 sed
535 4011 631 4088 quoad
646 4011 764 4074 modum
779 4010 940 4088 attingendi
955 4012 1111 4076 obiectum.
1126 4012 1306 4082 Huiusmodi
1320 4025 1477 4093 visionem

295 4108 507 4188 appellavimus
529 4107 727 4185 arpne'iiaana,
742 4123 799 4179 nou
814 4114 958 4186 quatenus
977 4109 1156 4173 obtineretur
1170 4115 1407 4202 ratiocinatione,
1423 4127 1476 4190 sie

263 4211 267 4218 '
294 4207 372 4270 enim
384 4221 439 4268 nou
451 4212 531 4268 esset
542 4203 635 4278 oisio;
651 4205 703 4266 sed
713 4212 859 4282 quatenus
874 4205 947 4268 inea
958 4206 1105 4269 obiectum
1116 4209 1198 4272 fieret
1213 4215 1305 4276 menti
1320 4233 1477 4294 praeseus
