3159 4934
379 345 463 389 CAPUT
481 348 514 389 tn.
534 350 568 391 DE
587 352 692 394 narrans
711 352 815 396 HOMINIS
832 355 902 398 ERGA
920 355 1030 400 sarasan
1235 347 1288 403 149

114 467 155 527 ad
178 474 290 529 rectam
305 463 352 529 sui
367 464 552 529 dilectionem
567 469 708 543 revocari,
724 476 813 547 atquc
833 470 890 532 bac
903 472 1027 533 formula
1044 476 1171 549 exprimi
1183 490 1283 552 posse:

121 560 278 639 &dinato
299 580 402 626 umore
423 566 452 625 fc
471 562 573 644 dilipe.
597 562 670 627 Cum
692 580 761 629 vcro
781 566 901 641 bonum,
928 570 1006 646 quod
1031 571 1114 633 uobis
1139 572 1285 647 volumus,

114 662 166 725 vel
186 662 359 724 exsistentia
380 678 442 725 esse
463 663 564 741 possit,
586 662 630 726 vel
646 665 794 741 perfectio,
816 680 892 743 quae
912 666 1009 743 ipsam
1029 676 1134 746 augeat
1157 670 1286 749 comple·

110 771 221 839 atquec
242 760 279 821 de
299 768 421 838 utraque
441 760 471 822 in
493 762 550 824 boc
570 761 669 838 capite
691 761 785 824 tribus
806 762 941 826 articulis
962 764 1140 843 eloquemur.

598 1037 801 1102 Anrruunusl.

470 1168 518 1232 De
539 1168 651 1249 officiis
665 1169 766 1251 quoad
786 1173 936 1235 animum.

157 1344 206 1411 46.
230 1344 340 1413 Eornrn
369 1344 571 1432 praestantia.
593 1346 727 1412 Nobilior
754 1350 882 1411 bominis
910 1366 979 1428 pars
1007 1360 1052 1413 est
1080 1355 1212 1429 animus3
1232 1357 1283 1433 qui

112 1447 178 1508 vita
193 1446 370 1523 sempiterna
383 1446 530 1508 fruiturus
544 1446 659 1524 corpori
675 1448 785 1510 idcirco
800 1448 995 1526 coniungitur,
1006 1457 1040 1510 ut
1053 1450 1118 1527 ipso
1133 1459 1282 1531 tamquam

112 1548 310 1608 instrumento
330 1552 442 1618 utatur,
463 1545 500 1608 ad
521 1546 608 1607 finem
631 1544 687 1607 sibi
709 1545 738 1606 in
760 1547 818 1608 bac
839 1546 900 1608 vita
921 1546 1102 1624 pmpositum
1123 1564 1283 1625 assequen-

111 1645 197 1706 dum.
214 1640 288 1705 Eius
302 1642 393 1721 igitur
407 1644 545 1719 perfectio
561 1642 748 1721 potissimum
762 1643 874 1705 bomini
888 1644 1054 1721 quaerenda
1064 1652 1120 1717 est,
1131 1653 1281 1724 tamquam

112 1744 237 1813 bonum,
258 1741 335 1819 quod
357 1742 464 1804 ceteris
485 1740 630 1813 omnibus,
650 1754 727 1819 quae
747 1740 846 1818 ipsum
867 1742 1025 1821 attingunt,
1039 1742 1201 1805 antecellat.
1217 1744 1283 1823 Age

111 1855 193 1902 nunc
216 1838 354 1916 perfectio
375 1838 464 1900 animi
493 1838 696 1901 intellectuat
720 1838 870 1901 voluntate
897 1840 1163 1915 comprobandam
1194 1842 1282 1904 bomo

111 1938 193 1998 euim
210 1943 297 2014 prout
310 1943 354 1999 est
375 1936 534 2009 rationalis,
554 1938 610 1998 bac
625 1936 734 2015 duplici
749 1935 888 1999 facultate
901 1937 1048 2000 evolvitur
1065 1945 1095 2000 et
1108 1939 1280 2017 explicatur.

111 2032 159 2097 De
181 2034 229 2096 bis
249 2034 341 2111 igitur
361 2035 518 2111 praecipue
539 2033 636 2112 aliqua
658 2034 863 2096 delibabimus.

155 2128 204 2193 47.
228 2126 336 2197 atficta
359 2128 459 2215 quoad
486 2126 685 2198 inlellaclutn.
707 2132 755 2194 Ad
784 2133 989 2210 perfectionem
1017 2133 1183 2198 intellectus
1204 2136 1282 2213 quod

108 2228 250 2308 pertinet,
272 2235 387 2292 tenetur
407 2231 496 2293 bomo
517 2230 645 2292 debitam
668 2231 729 2294 veri
750 2230 876 2309 bonique
896 2232 1089 2310 cognitionem
1109 2232 1280 2305 consectari,
1339 2277 1341 2280 .

107 2343 191 2406 queo
211 2330 328 2391 omuino
350 2329 387 2390 ad
413 2328 503 2391 vitem
526 2328 681 2406 regendam
710 2344 866 2407 moresque
893 2329 1089 2392 informandos
1118 2330 1279 2392 benemoria

108 2433 170 2489 est.
191 2424 421 2489 Teneture'tiam
443 2428 480 2489 ad
500 2442 613 2489 errores
633 2427 781 2504 oppositos
802 2426 962 2504 fugiendos.
984 2424 1047 2498 Oua
1072 2428 1101 2488 in
1123 2442 1155 2490 re
1175 2429 1280 2489 stricto

107 2526 179 2585 iure
198 2524 342 2599 homines,
363 2525 522 2605 generatim
546 2525 665 2603 sumpti,
681 2524 797 2587 adeam
815 2525 970 2603 dumtaxat
990 2525 1184 2603 cognitionem
1200 2540 1280 2588 com-

109 2622 274 2703 parandam
296 2623 473 2701 obligantur,
493 2639 567 2702 quae
589 2622 702 2701 vulgari
724 2622 870 2685 industria
891 2632 921 2685 et
940 2622 1018 2685 facili
1040 2624 1126 2686 modo
1146 2626 1184 2685 ab
1205 2624 1278 2703 ipsis

107 2720 237 2781 obtineri
252 2728 358 2797 potest,
372 2728 401 2783 et
415 2720 476 2783 siue
490 2737 548 2799 qua
572 2736 624 2783 nec
645 2720 777 2783 debitum
799 2721 886 2782 finem
908 2728 1050 2797 spectare,
1071 2736 1125 2783 nec
1146 2722 1278 2786 actiones

107 2832 183 2879 suas
204 2818 243 2879 ad
264 2817 348 2880 illum
376 2819 484 2881 referre
505 2825 629 2895 possent.
652 2816 749 2881 Altior
775 2833 843 2880 vero
863 2817 990 2897 cognitio
1010 2826 1040 2881 et
1060 2820 1206 2883 extensior
1226 2828 1278 2882 aut

106 2916 296 2977 abstrusiore
318 2915 365 2978 via
386 2916 561 2994 conquisita,
580 2916 636 2976 etsi
661 2914 788 2977 maxime
812 2917 934 2978 honesta
960 2914 999 2977 sit
1025 2922 1055 2977 et
1083 2915 1187 2978 rationi
1210 2931 1279 2979 con·

111 3014 244 3087 veniens,
268 3014 307 3076 ad
335 3029 457 3092 eamque
479 3015 503 3075 si
530 3012 611 3087 velit,
633 3014 689 3075 sibi
711 3013 924 3092 procurandam
945 3014 1068 3092 quisque
1088 3015 1135 3075 ius
1155 3014 1276 3090 babeat;

113 3129 173 3175 uon
188 3119 286 3174 tamen
304 3127 403 3175 omnes
419 3110 588 3191 singillatim
603 3112 769 3191 adstringit,
784 3111 837 3173 sed
857 3128 908 3175 eos
929 3111 1085 3173 dumtaxat
1099 3112 1151 3189 qui
1166 3112 1277 3175 ratione

109 3218 223 3289 status,
243 3210 274 3269 in
295 3224 355 3288 quo
375 3210 449 3273 forte
470 3218 633 3287 versantur,
655 3226 773 3273 munere
787 3226 840 3273 suo
860 3210 994 3288 perfungi
1014 3210 1099 3273 aliter
1119 3220 1274 3289 nequeunt.
1390 3265 1394 3273 .

109 3306 188 3370 Cum
210 3323 279 3371 vero
300 3308 490 3388 intelligentia
513 3310 542 3371 in
557 3309 752 3372 consectanda
766 3309 887 3371 scientia
902 3307 968 3370 aliis
982 3308 1071 3369 etiam
1085 3307 1276 3371 facultatibus

106 3406 246 3479 iuretur3
260 3406 316 3469 bas
329 3407 429 3481 etiam,
442 3414 587 3485 quatenus
608 3406 646 3468 ad
660 3406 690 3468 id
715 3406 876 3482 conferunt,
889 3406 1020 3468 excolere
1034 3420 1108 3482 opus
1122 3413 1175 3468 est.
1191 3401 1275 3474 Unde

111 3504 275 3581 generatim
298 3504 356 3567 dici
379 3512 476 3581 potest
498 3503 702 3582 perfectionem
723 3503 899 3575 intellectus,
921 3517 974 3579 pro
998 3502 1162 3565 conditione
1174 3508 1205 3563 et
1218 3501 1276 3563 cir·

108 3601 311 3675 cumstautiis,
325 3602 355 3663 in
376 3602 484 3680 quibus
499 3602 588 3665 bomo
602 3608 746 3676 versatur,
762 3619 821 3681 per
835 3617 868 3662 se
882 3608 912 3663 et
925 3598 1066 3663 absolun
1078 3599 1274 3677 quaerendam

102 3712 189 3771 esse;
204 3700 407 3775 perfectionem
424 3715 492 3762 vero
506 3708 669 3762 ceterarum
691 3700 877 3771 facultatum,
894 3713 970 3776 quae
992 3697 1031 3759 ad
1052 3695 1273 3759 sensibilitatem

106 3796 267 3875 pertinent,
288 3797 484 3875 quaerendam
505 3813 571 3859 esse
584 3795 721 3873 relative,
736 3804 881 3875 quatenus
901 3795 1040 3856 nimirum
1055 3793 1160 3856 rationi
1174 3793 1273 3855 deser-

105 3895 194 3955 viunt
216 3896 329 3958 eteius
350 3895 508 3957 evolutioni
529 3894 718 3973 opitulantur.
735 3890 917 3956 Sensibilitas
937 3892 1013 3954 euim
1035 3894 1064 3952 iu
1086 3890 1202 3952 homine
1216 3904 1274 3952 nou

103 4002 154 4056 est
170 4001 344 4071 proposse,
359 3992 409 4054 sed
425 4001 543 4069 propter
553 3991 742 4063 intellectum,
756 3992 807 4069 qui
822 3991 889 4051 finis
903 4003 1023 4051 munere
1037 3987 1159 4067 gaudet:
1177 3987 1272 4051 media

100 4100 208 4153 autem
229 4091 342 4153 nonnisi
364 4098 482 4168 propter
502 4091 590 4151 finem
614 4096 803 4166 quaemntur.

148 4186 199 4251 48.
221 4185 327 4269 Quoad
343 4184 542 4255 voluntalem.
556 4186 658 4259 Quoad
673 4185 854 4248 voluntatem
868 4185 954 4247 debet
968 4186 1056 4247 bomo
1076 4185 1160 4247 iuxta
1177 4193 1273 4247 rectae

99 4288 230 4352 rationis
251 4287 395 4365 principia
417 4286 523 4349 bonum
544 4285 682 4363 prosequi
696 4282 866 4360 malumque
880 4284 1029 4356 aversari3
1043 4290 1132 4363 atque
1146 4284 1175 4345 in
1191 4292 1273 4358 utro-
