3159 4934
321 325 375 384 332
641 341 853 386 1111111111-
872 343 939 385 nans
959 344 982 385 n.
1000 344 1041 387 rus
1059 344 1167 387 socrum

360 451 397 517 ll.
419 452 562 518 Fatemur
583 455 753 534 contingere
773 473 868 535 posse,
889 465 923 520 nt
943 473 999 520 non
1020 457 1101 521 aliud
1122 458 1285 521 remedium
1300 463 1445 535 suppetat
1467 457 1498 517 in

321 552 467 616 nonnullis
493 554 693 635 societatibus,
714 572 789 633 quae
809 572 846 617 ex
871 555 1039 619 hominibus
1065 555 1243 634 multiplices
1267 564 1298 619 et
1323 553 1497 617 contrarios

322 641 420 713 cultus¹
441 652 645 728 profitentibus
666 654 842 732 coalescunt,
862 671 951 734 quarn
973 654 1157 718 diversorum
1179 654 1312 718 cultuum
1333 654 1497 717 tolerantia

320 749 483 811 autetiam
503 750 634 825 libertas.
649 749 762 814 Verum
780 751 813 814 id
835 768 891 815 non
911 769 947 814 ex
962 752 1072 832 ordine,
1095 752 1147 815 sed
1167 768 1203 815 ex
1224 752 1335 816 ordinis
1357 752 1498 813 carentia

320 846 460 925 provenit.
475 844 648 926 imperfecta
663 849 741 911 enim
761 856 790 911 et
812 850 943 927 caligans
958 851 1096 925 conditio,
1110 868 1169 929 qua
1183 859 1319 929 respectu
1333 849 1498 929 religiosae

323 945 461 1007 veritatis
482 946 637 1009 societates
650 945 717 1009 illae
730 946 910 1022 afficiuntur,
925 947 1009 1010 valde
1024 949 1160 1025 prohibet
1173 948 1328 1026 quominus
1342 946 1372 1009 in
1386 948 1496 1009 debita

321 1044 462 1106 relatione
483 1044 580 1122 quoad
593 1042 758 1107 Ecclesiam
773 1060 805 1107 se
819 1046 1013 1118 constituant;
1035 1046 1124 1125 idque
1144 1046 1181 1107 ad
1196 1046 1363 1108 earumdem
1378 1046 1497 1123 imper-

319 1140 475 1204 fectionem
489 1151 518 1203 ct
538 1142 697 1205 ruditatem
713 1144 847 1220 pertinet.
869 1141 991 1207 Deiecto
1011 1144 1089 1205 enim
1111 1143 1326 1207 convenientiae
1341 1142 1497 1217 laborant¹

322 1247 411 1315 atque
431 1238 497 1302 ideo
518 1250 652 1302 naturam
669 1240 821 1303 ordinatae
842 1242 991 1304 societatis
1011 1257 1067 1304 non
1089 1240 1145 1303 rite
1165 1241 1326 1319 attingunt3
1344 1242 1496 1319 quemad·

321 1337 441 1399 modum
463 1351 519 1398 non
542 1337 597 1400 rite
618 1338 737 1416 attingit
758 1346 892 1400 naturam
914 1339 1041 1401 hominis
1055 1338 1092 1411 is,
1113 1338 1165 1417 qui
1187 1338 1406 1401 sensibilitatem
1427 1338 1496 1401 sine

320 1442 457 1513 respectu
478 1435 517 1496 ad
537 1434 770 1513 intelligentiam,
790 1444 821 1498 et
841 1452 949 1514 corpus
970 1436 1032 1499 sine
1053 1436 1193 1499 relatione
1213 1436 1251 1498 ad
1272 1438 1398 1498 animam
1425 1450 1495 1513 per-

319 1532 476 1595 ficiendum
498 1532 554 1595 sibi
576 1533 720 1610 proponit.
735 1530 814 1595 Vera
837 1533 928 1611 igitur
948 1534 1080 1596 doctrina
1101 1534 1152 1597 1111
1168 1541 1313 1612 ostonde
1331 1541 1494 1613 utramque

320 1634 491 1694 societatem
520 1632 564 1693 sic
586 1630 750 1708 distinguit,
779 1638 812 1693 ut
833 1638 930 1693 tamen
951 1648 1007 1694 non
1035 1642 1151 1711 separet
1172 1648 1224 1695 nec
1252 1633 1408 1706 distrahat,
1438 1635 1493 1695 sed

321 1729 490 1792 harmonice
511 1728 625 1792 ordinet
649 1729 726 1791 inter
747 1744 795 1801 se;
815 1729 1062 1806 quemadmodum
1087 1731 1258 1794 harmonice
1282 1730 1408 1793 ordinari
1441 1746 1494 1808 po-

320 1827 413 1889 stulat
433 1826 463 1888 in
485 1827 569 1889 nobis
590 1840 699 1903 corpus
713 1841 781 1887 cum
796 1825 903 1901 anima,
926 1827 986 1890 vita
1001 1843 1140 1905 praesens
1155 1844 1222 1891 curn
1238 1830 1345 1906 1111111,
1365 1836 1492 1891 mutuae

324 1924 483 1988 relationes
504 1924 657 1986 hominum
678 1939 745 1986 cum
766 1924 954 1987 relationibus
975 1926 1013 1987 ad
1034 1924 1139 1989 Deum.
1223 1998 1226 2003 ,

368 2021 460 2086 01111,
475 2021 527 2086 tv.
544 2022 684 2086 Christus
698 2022 773 2085 dixit
794 2024 823 2085 in
844 2020 1017 2102 Evangelio:
1035 2021 1179 2103 1111111111
1192 2041 1294 2085 meum
1312 2008 1369 2085 11111
1383 2025 1432 2083 eet
1446 2020 1489 2084 de

318 2119 374 2185 1111
393 2119 518 2184 mundo.
534 2119 590 2184 His
609 2136 679 2199 ergo
693 2122 791 2183 verbis
814 2120 974 2198 prohibuit,
994 2124 1150 2201 quominus
1163 2121 1298 2185 Ecclesia
1313 2120 1491 2183 dominatio·

320 2236 386 2283 nent
407 2220 559 2299 politicam
581 2219 753 2297 possideret
768 2217 900 2298 itemque
921 2227 1067 2299 repugnat
1081 2220 1289 2283 ordini-rerum
1303 2228 1336 2281 ut
1354 2225 1491 2297 potestas

318 2318 457 2397 religiosa
477 2334 545 2381 curn
567 2318 686 2397 politica
708 2318 911 2381 confundatur.
927 2317 960 2382 ld
982 2318 1125 2394 11111111,
1141 2318 1165 2380 si
1181 2318 1283 2381 eadem
1302 2332 1426 2395 persona
1443 2332 1491 2379 or-

319 2425 406 2480 netur
425 2424 551 2495 utraque
572 2423 724 2494 potestate.
739 2412 850 2478 Saltem
865 2416 1027 2478 timendum
1048 2417 1137 2478 estin
1158 2431 1192 2479 eo
1212 2431 1293 2490 casn,
1307 2432 1343 2477 ne
1363 2414 1446 2493 prior
1461 2414 1489 2475 in

213 2585 215 2588 .
316 2514 544 2578 instrumentum
565 2513 687 2577 alterius
709 2511 905 2577 convertatur.

356 2612 394 2677 R.
415 2611 519 2685 Quoad
540 2614 669 2691 primum
696 2616 912 2691 argumentum,
934 2629 1015 2674 11111.
1040 2614 1107 2673 ont.
1129 2618 1158 2674 et
1179 2629 1255 2691 nepo
1277 2628 1491 2691 consequens·

315 2711 414 2790 quoad
437 2712 610 2784 secundum,
631 2710 891 2787 communiorem,
912 2718 942 2773 et
963 2728 1040 2790 nepo
1062 2711 1222 2773 minorem.

356 2807 495 2872 Christus
509 2810 539 2871 in
552 2809 603 2871 illo
617 2808 681 2872 loco
695 2809 828 2888 loquitur
842 2809 879 2871 de
895 2808 1040 2882 Ecclesia,
1054 2823 1130 2887 quae
1146 2808 1210 2870 eius
1226 2807 1344 2885 proprie
1363 2824 1489 2889 regnum

316 2914 373 2986 est,
387 2914 417 2969 et
430 2924 504 2986 quae
519 2907 648 2970 divinam
663 2923 718 2970 non
733 2907 893 2969 humanam
908 2906 996 2969 habet
1010 2906 1163 2985 originem.
1175 2906 1222 2969 Ex
1237 2922 1272 2969 11
1285 2914 1399 2981 autem,
1411 2908 1490 2985 quod

316 3002 451 3079 Ecclesia
472 3005 512 3066 sit
540 3020 662 3083 regnum
687 3004 829 3067 divinitus
850 3004 1027 3079 institutum,
1042 3020 1098 3068 non
1115 3006 1249 3083 seqnitur
1263 3020 1320 3067 non
1336 3020 1425 3083 posse
1439 3021 1490 3066 su-

315 3117 449 3182 premum
471 3101 643 3166 Pontificem
665 3119 786 3181 regnum
802 3102 890 3165 etiam
906 3110 1054 3164 terrenum
1071 3102 1127 3164 sibi
1143 3102 1309 3181 adiungere.
1326 3101 1423 3166 Immo
1438 3117 1491 3180 po·

315 3202 375 3264 tius
389 3200 524 3278 seqnitur
537 3200 715 3277 oppositum.
731 3198 809 3262 Nam
825 3208 858 3261 ut
872 3214 995 3277 regnum
1007 3198 1121 3283 Christi
1135 3215 1187 3262 seu
1202 3196 1337 3263 Ecclesia
1352 3210 1491 3263 seruetur

314 3308 344 3363 et
365 3305 502 3378 operetur
522 3298 605 3359 iuxta
625 3306 761 3360 naturam
785 3297 920 3376 propriae
940 3297 1071 3375 originis,
1092 3313 1211 3360 necesse
1232 3306 1278 3360 est
1299 3306 1334 3360 ut
1355 3299 1421 3361 eins
1442 3316 1491 3360 sn·

317 3412 450 3474 promum
465 3393 561 3472 Caput
579 3411 614 3457 ac
628 3392 724 3459 Motor
738 3414 755 3458 a
771 3395 849 3457 nulla
866 3402 1010 3472 potestate
1024 3395 1113 3457 huius
1128 3395 1240 3459 saeculi
1254 3396 1431 3475 dependeat,
1454 3414 1490 3459 11

315 3496 436 3572 proinde
458 3496 498 3556 sit
520 3494 655 3571 princeps
677 3493 847 3571 temporalis
867 3493 896 3555 in
918 3493 982 3556 loco
1005 3493 1055 3555 nbi
1076 3494 1173 3556 sedern
1196 3494 1293 3572 habet,
1316 3502 1347 3557 et
1368 3511 1408 3557 ex
1429 3512 1490 3573 quo

315 3599 428 3655 motum
444 3592 590 3669 imprimit
602 3592 655 3653 toti
671 3590 739 3654 moli
752 3593 841 3654 huius
856 3592 970 3655 divinae
985 3591 1143 3655 societatis.
1155 3590 1253 3681 Quare
1265 3607 1320 3654 non
1337 3592 1491 3657 immerito

317 3690 390 3752 haec
418 3689 542 3760 formula
569 3690 677 3751 sanciri
706 3697 819 3766 posset:
840 3688 915 3763 Quia
937 3706 1058 3767 regnum
1082 3686 1193 3751 Christi
1218 3705 1272 3752 non
1297 3697 1344 3752 est
1370 3692 1410 3753 de
1433 3694 1490 3756 boc

315 3787 435 3860 mundo,
448 3802 568 3852 necesse
581 3797 629 3851 est
643 3796 676 3850 ut
689 3787 754 3872 eins¹
766 3785 902 3850 Vicarius
916 3803 1038 3866 regnum
1053 3788 1162 3851 habeat
1179 3788 1208 3850 in
1223 3789 1280 3851 hoc
1296 3789 1417 3853 mundo.
1436 3789 1493 3854 Ni·

315 3889 422 3948 mirum
444 3902 480 3947 ex
501 3885 723 3963 independentia
738 3883 900 3948 Sacerdotii
921 3886 1076 3949 christiani
1098 3902 1114 3947 1
1136 3887 1262 3961 sacculo,
1283 3888 1422 3965 seqnitur
1444 3890 1490 3952 in·

316 3980 506 4060 dependentia
528 3983 623 4046 civilis
644 3984 753 4046 summi
769 3981 933 4060 Pontihcis3
956 4000 1031 4063 qnae
1046 3986 1075 4048 in
1099 3986 1244 4063 praesenti
1267 3986 1369 4049 ordine
1384 4003 1490 4050 rerum

315 4076 439 4140 obtineri
460 4080 544 4142 aliter
565 4081 674 4159 nequit,
696 4081 752 4144 nisi
775 4096 826 4159 per
846 4081 1042 4161 principatum
1063 4082 1226 4162 politicum.

355 4171 440 4247 Quod
459 4193 528 4239 vero
548 4186 673 4257 utraque
693 4186 823 4256 potestas
837 4179 969 4241 eamdem
990 4195 1145 4258 personam
1166 4182 1313 4256 informet,
1328 4182 1358 4244 id
1374 4198 1493 4262 nequa-

313 4286 403 4350 quam
424 4272 564 4349 importat
585 4276 672 4337 unius
696 4278 851 4353 potestatis
873 4294 941 4341 cum
966 4278 1058 4341 altera
1084 4278 1298 4354 confusionem
1326 4282 1403 4343 sicut
1428 4299 1492 4346 non
