3159 4934
534 732 536 741 ,
562 648 709 727 obruo
734 651 920 726 PRIMUM

477 826 516 877 lon
531 827 603 877 mun
619 827 657 877 nr
674 827 790 879 onmem
807 826 988 879 umnam.

199 1030 225 1090 l.
247 1024 381 1094 Perilliu.
403 1026 582 1091 Exordimur
603 1029 641 1092 ab
662 1030 768 1106 officio,
790 1036 821 1091 et
841 1029 905 1092 inre
926 1037 1013 1107 prout
1033 1030 1131 1093 officio
1154 1031 1320 1109 opponitur,

146 1126 316 1204 generatim
338 1126 527 1204 explicandis.
543 1124 699 1205 Deinceps,
718 1142 770 1205 pro
795 1127 905 1205 triplici
929 1134 1061 1207 aspectu,
1074 1142 1133 1207 quo
1147 1128 1234 1191 bomo
1247 1127 1323 1190 iudi·

151 1223 263 1286 viduus
278 1224 458 1288 considerari
472 1232 578 1302 potest,
592 1223 708 1287 diversa
722 1224 785 1287 eius
811 1226 917 1300 officia,
931 1226 1040 1303 quibus
1054 1226 1118 1288 sive
1131 1242 1203 1305 erga
1217 1224 1322 1300 Deum

147 1322 216 1383 sive
241 1337 311 1400 erga
336 1322 476 1399 seipsum,
498 1322 560 1384 sive
587 1338 658 1401 erga
687 1322 818 1402 reliquos
841 1322 975 1388 homiues
999 1324 1204 1408 adstringitur,
1226 1325 1323 1388 tribus

147 1419 304 1499 capitibus
325 1421 587 1499 perscrutabimur.

634 1678 804 1744 Annuunus
820 1679 843 1744 l.

341 1809 391 1875 Dc
410 1813 542 1890 notione,
565 1810 715 1877 diumioue
735 1816 764 1876 et
784 1812 1027 1894 proprietatem
1049 1814 1138 1878 ituris.

195 2006 223 2071 2.
235 2004 309 2089 Quid
325 2004 382 2074 lus.
394 2004 483 2069 Iuris
497 2008 577 2072 notio
591 2008 740 2087 primitiva
754 2017 813 2084 est;
826 2024 902 2087 quae
912 2008 1028 2071 facilius
1041 2019 1137 2072 mente
1151 2011 1325 2089 concipitur,

145 2122 244 2187 quam
259 2106 357 2169 verbis
371 2105 543 2183 explicatur.
555 2104 723 2169 Generatim
739 2116 768 2169 et
782 2106 863 2169 nullo
877 2107 993 2186 negotio
1003 2108 1233 2186 apprehenditur
1247 2116 1325 2171 tam·

148 2220 245 2283 quum
267 2202 388 2266 moralis
408 2204 533 2266 facultas
554 2204 725 2283 disponendi
746 2204 783 2267 de
804 2220 835 2267 re
853 2204 951 2284 aliqua
971 2211 1024 2267 aut
1044 2221 1109 2268 eam
1129 2206 1264 2286 exigendi
1285 2207 1324 2270 ab

152 2301 231 2364 aliis.
245 2324 262 2359 «
273 2300 358 2365 quta
375 2302 510 2365 strictam
524 2301 597 2365 iuris
613 2302 867 2381 significationem,
881 2304 924 2366 ait
937 2301 1045 2366 Suarez
1058 2303 1131 2367 solet
1145 2304 1262 2382 proprie
1276 2304 1324 2365 ius

154 2400 257 2463 vocari
277 2400 403 2463 facultas
424 2400 568 2478 quaedam
590 2400 720 2475 moralis,
735 2416 824 2479 quam
848 2402 1048 2480 unusquisque
1069 2401 1159 2464 babet
1179 2402 1224 2464 rol
1245 2401 1325 2465 circa

153 2514 220 2563 rem
243 2514 339 2579 sunm,
352 2497 397 2562 rel
419 2498 538 2561 adrem
561 2497 618 2559 sibi
638 2496 768 2561 debitam
781 2496 832 2577 (1).
845 2520 864 2555 >
880 2497 928 2562 Sio
941 2500 993 2577 qui
1015 2499 1103 2561 dicit:
1118 2500 1191 2562 mibi
1212 2500 1258 2562 ins
1278 2507 1325 2561 est

152 2613 240 2662 meae
255 2598 404 2677 pecuniae,
417 2612 548 2660 meorum
571 2596 758 2675 praediorum
779 2604 809 2658 et
827 2595 984 2670 similium3
997 2612 1055 2659 non
1077 2594 1158 2659 aliud
1179 2597 1325 2678 intelligit,

151 2697 214 2760 nisi
235 2696 314 2759 licite
336 2710 423 2774 posse
449 2694 485 2757 de
512 2694 571 2757 illis
591 2708 645 2770 pro
671 2692 819 2755 arbitratu
844 2693 1008 2772 disponere.
1031 2692 1088 2758 Sed
1111 2701 1145 2756 ut
1165 2702 1325 2773 conceptus

149 2792 300 2858 eiusmodi
313 2792 480 2856 distinctior
500 2791 619 2864 evadat,
633 2796 672 2864 et,
686 2799 831 2868 quantum
847 2791 909 2853 lieri
928 2798 1033 2870 potest
1048 2791 1209 2855 scientifica
1224 2792 1326 2855 defini-

150 2893 235 2957 tione
253 2890 528 2969 comprehendatur,
541 2889 682 2952 elementa
705 2888 851 2951 innuenda
873 2898 943 2951 sunt
962 2890 1071 2968 quibus
1092 2895 1218 2963 constat,
1230 2897 1261 2953 et
1281 2905 1328 2953 re-

150 2996 278 3069 spectus
298 3004 374 3069 quos
392 2985 527 3051 includit.

198 3087 227 3153 3.
249 3086 298 3155 lus
318 3084 421 3155 dilen
441 3101 462 3153 a
483 3083 512 3154 ri
535 3083 675 3173 physion.
697 3085 840 3165 Primum,
862 3102 946 3150 nemo
968 3103 1024 3150 uon
1046 3087 1127 3149 ridet
1145 3086 1326 3161 facultatem,

149 3204 234 3268 quae
248 3193 390 3265 conceptu
403 3185 477 3247 iuris
493 3186 666 3259 continetur,
681 3202 697 3247 a
713 3186 742 3246 vi
757 3184 882 3264 physica
899 3184 983 3246 valde
998 3185 1151 3263 distingui.
1167 3184 1234 3248 Etsi
1248 3185 1326 3247 enim

152 3287 214 3358 ius,
227 3292 262 3348 ut
270 3290 435 3357 enascatur,
447 3281 610 3345 naturalem
626 3283 797 3362 potentiam,
808 3283 872 3345 sive
883 3282 1066 3361 permodnm
1083 3283 1201 3346 virtutis
1211 3280 1327 3360 agendi,

33 3416 41 3433 .
154 3386 223 3447 sire
243 3398 296 3461 per
315 3384 435 3447 modum
458 3380 619 3460 exigentiae
646 3380 788 3443 subaudit
809 3380 934 3459 (quippe
963 3397 1031 3443 cum
1059 3387 1185 3461 nequeat
1204 3380 1327 3444 rationis

159 3480 233 3544 ordo
246 3487 418 3559 potestatem
432 3480 529 3543 lucere
543 3478 625 3542 circa
643 3493 715 3553 rem,
729 3478 767 3539 ud
781 3494 872 3558 qnam
887 3479 1053 3542 subiectum
1074 3478 1206 3557 ineptum
1221 3485 1327 3540 natura

154 3576 232 3655 est);
247 3589 350 3655 tamen,
364 3578 462 3658 quoad
482 3576 633 3641 formalem
655 3576 703 3639 sui
717 3577 870 3653 rationem,
885 3584 978 3640 totum
999 3586 1143 3656 quantum
1160 3584 1216 3652 est,
1231 3574 1328 3655 alege

155 3677 306 3756 procedit:
327 3676 375 3740 lex
396 3682 494 3739 autem
515 3674 553 3738 ad
573 3675 705 3739 ordinem
727 3674 868 3737 moralem
890 3674 1025 3753 pertinet,
1039 3683 1068 3737 et
1088 3673 1268 3737 intellectum
1290 3688 1326 3737 nc

154 3775 340 3839 voluntatum
361 3774 529 3853 alloquitur,
550 3790 606 3853 non
628 3772 751 3851 physice
771 3772 883 3851 aliquid
907 3781 1053 3851 operatur.
1075 3774 1174 3851 Atque
1202 3772 1260 3834 boc
1281 3770 1328 3834 vel

152 3874 227 3939 inde
240 3876 275 3936 bt
287 3872 418 3948 evidens,
431 3872 509 3949 quod
525 3871 551 3933 si
564 3871 632 3950 quis
648 3870 785 3933 violentia
799 3870 929 3934 fortioris
944 3869 1097 3933 cuiusdam
1120 3885 1156 3931 ne
1168 3870 1217 3931 ius
1238 3885 1326 3932 snum

151 3976 296 4039 exerceat
316 3970 539 4050 praepediatur;
559 3984 616 4031 non
638 3967 749 4031 idcirco
770 3968 819 4030 ius
846 3967 1078 4040 suumamittit,
1106 3967 1157 4029 sed
1179 3967 1328 4047 integrum

151 4074 311 4149 fixumque
325 4069 440 4143 retinet,
455 4069 544 4131 immo
559 4067 648 4129 etiam
664 4064 805 4129 viridiore
825 4064 892 4128 lnce
905 4063 1122 4144 splendescens.
1139 4062 1214 4130 'lota
1228 4066 1330 4143 itaque

206 4286 241 4348 (l)
259 4287 299 4334 De
314 4285 438 4349 Lepidus,
454 4283 499 4339 1.1.
516 4296 536 4331 c.
551 4279 575 4342 2,
591 4285 605 4339 ς
622 4278 646 4328 5.
