3159 4934
801 340 939 383 traice

668 564 842 631 Solvuntur
862 565 1075 648 difficultates,

327 746 373 812 59.
401 744 494 810 Obiit.
516 746 538 811 l.
553 746 652 812 Etiam
674 763 782 810 causae
803 747 951 810 naturales
971 749 1164 826 perficiuntur
1184 750 1313 828 propriis
1334 751 1465 814 actioni·
1576 732 1578 761 ⁸

286 848 353 920 bus,
374 857 424 910 aut
446 853 564 924 propter
584 846 729 910 delectum
752 861 784 906 se
798 846 958 909 deteriores
979 840 1122 920 efficiunt
1146 856 1176 910 et
1201 857 1297 910 tamen
1319 849 1462 932 neolau-

287 945 394 1007 damur
409 960 461 1007 nec
483 945 693 1021 vituperantur.
710 942 790 1022 Ergo
810 959 827 1004 a
851 946 912 1021 pari
934 944 1011 1006 idem
1033 945 1070 1007 de
1090 946 1208 1009 homine
1228 947 1384 1010 dicendum
1399 957 1460 1009 εει.

327 1040 364 1105 R.
390 1041 481 1104 Come.
497 1044 563 1104 oui.
577 1049 607 1104 ει
624 1057 702 1120 nepo
712 1042 893 1120 paritatem.
908 1041 977 1106 Ideo
996 1057 1105 1107 causae
1124 1044 1275 1108 naturales
1295 1061 1349 1109 nec
1369 1045 1462 1108 laude

288 1157 340 1203 nec
353 1140 566 1217 vituperatione
574 1139 742 1218 dignantur,
751 1142 821 1217 quia
833 1155 888 1202 non
902 1149 971 1202 sunt
981 1134 1307 1226 dominaepropriorum
1318 1151 1459 1216 actuum3
1577 1203 1579 1231 ,

287 1247 391 1302 natura
413 1239 489 1300 enim
510 1246 556 1300 est
570 1239 762 1300 determinata
777 1239 816 1300 ad
831 1255 930 1316 unum.
947 1237 1133 1303 Contrarium
1148 1249 1196 1303 est
1210 1242 1246 1304 de
1260 1243 1388 1315 homine,
1403 1259 1463 1320 per
1577 1242 1578 1313 ζ

286 1337 409 1398 liberam
431 1336 608 1398 voluntatem
629 1347 775 1413 operante.
798 1334 878 1399 Laus
897 1345 995 1399 antem
1016 1346 1047 1400 et
1068 1339 1246 1416 vituperium
1267 1340 1399 1403 nascitur
1419 1357 1461 1402 ex

178 1435 180 1439 ’
287 1417 525 1510 impatibilitate,
545 1433 783 1512 imputabilitatis
805 1443 905 1496 autem
927 1435 1012 1498 radix
1032 1442 1078 1498 est
1099 1436 1230 1499 libertas.

333 1529 605 1595 obtenduntur
627 1533 802 1610 quandoque
822 1534 914 1597 elficit
934 1523 1079 1598 vitiosum¹
1092 1549 1177 1612 opus,
1192 1551 1245 1599 nec
1267 1545 1363 1599 tamen
1385 1537 1462 1600 inde

287 1631 404 1708 culpam
425 1631 565 1694 moralem
586 1631 719 1694 incurrit.
740 1630 822 1710 Ergo
849 1650 865 1694 a
895 1633 958 1709 pari
983 1635 1071 1695 homo
1099 1633 1190 1696 libere
1219 1636 1325 1712 poterit
1353 1644 1459 1698 actum
1578 1640 1579 1719 ι

287 1730 438 1792 moraliter
458 1728 567 1790 malum
588 1744 733 1805 exercere,
754 1732 826 1807 quin
846 1746 882 1792 ex
904 1729 961 1793 hoo
983 1731 1023 1791 sit
1044 1730 1257 1808 vituperabilis.

326 1825 363 1889 R.
385 1821 442 1887 Hic
462 1826 550 1888 etiam
572 1826 702 1904 neganda
724 1836 770 1889 εει
791 1827 913 1904 paritas.
936 1827 1025 1890 Aliud
1046 1839 1092 1891 est
1112 1829 1188 1891 onim
1208 1830 1334 1892 deficere
1354 1845 1371 1890 a
1393 1831 1459 1892 tine

288 1923 468 2000 particulari,
489 1923 633 2002 adquam
654 1925 742 1987 homo
763 1939 821 1986 non
841 1924 1003 2003 obligatum
1024 1925 1104 1988 aliud
1126 1927 1252 1990 delicere
1273 1945 1290 1989 a
1313 1929 1371 1990 line
1390 1929 1459 1988 uni·

285 2020 390 2083 versali
413 2020 503 2082 totius
525 2023 671 2084 humanae
692 2023 778 2099 vitae,
801 2022 838 2083 ad
859 2038 946 2100 quem
969 2025 1056 2086 humo
1077 2024 1213 2087 ordinare
1234 2025 1382 2101 sedetet.
1404 2023 1458 2086 Ad

285 2136 345 2183 rem
368 2117 396 2182 S.
412 2117 557 2183 Thomas:
574 2142 591 2177 «
607 2120 695 2183 Ratio
709 2120 795 2184 aliter
816 2137 848 2182 se
870 2121 961 2183 habet
981 2121 1011 2182 in
1032 2123 1248 2196 artificialibus,
1266 2130 1295 2184 et
1317 2121 1402 2185 aliter
1422 2122 1459 2183 in

286 2218 454 2281 moralibus.
471 2217 502 2280 ln
517 2218 722 2280 artificialibus
735 2219 813 2281 enim
828 2221 903 2281 ratio
917 2219 1117 2282 ordinaturad
1133 2221 1220 2282 finem
1232 2219 1460 2297 particularem,

287 2317 364 2394 quod
385 2323 431 2378 est
452 2315 561 2394 aliquid
584 2332 636 2394 ρει
657 2317 796 2379 rationem
811 2317 1019 2395 excogitatum.
1037 2316 1070 2380 ln
1087 2318 1249 2380 moralibus
1264 2325 1362 2380 autem
1377 2317 1462 2380 ordi-

287 2423 374 2476 natur
395 2414 431 2476 ad
454 2415 540 2477 finem
561 2429 744 2477 communem
767 2415 858 2476 totius
879 2415 1024 2478 humanae
1044 2416 1137 2490 vitae;
1160 2416 1229 2478 duis
1247 2425 1346 2478 autem
1362 2417 1461 2494 parti-

287 2512 396 2574 cularis
417 2513 569 2575 ordinatur
590 2513 627 2575 ad
648 2515 734 2574 linem
752 2527 950 2595 communem.
966 2510 1040 2574 Cum
1056 2520 1154 2575 autem
1179 2521 1332 2591 peccatum
1348 2513 1389 2575 sit
1404 2528 1459 2591 per

288 2610 479 2673 deviationem
501 2612 539 2675 ab
559 2611 660 2674 ordine
681 2609 719 2671 ad
734 2611 831 2681 linem,
846 2610 875 2671 in
890 2617 958 2672 actu
973 2611 1047 2672 artis
1062 2612 1205 2688 contingit
1219 2611 1378 2687 dupliciter
1392 2626 1459 2673 esse

289 2717 452 2786 pecomum.
476 2707 539 2773 Uno
559 2710 644 2773 modo
664 2723 717 2787 per
737 2708 932 2770 deviationem
954 2724 970 2770 a
992 2711 1051 2770 dne
1078 2708 1261 2785 particulari,
1285 2710 1397 2771 intento
1418 2710 1459 2772 ab

287 2806 416 2881 attidem
430 2814 459 2868 et
474 2809 530 2869 hoc
545 2815 699 2884 peccatum
713 2806 769 2868 erit
784 2807 935 2883 proprium
952 2807 1038 2878 artis,
1054 2814 1123 2882 puta
1138 2807 1164 2867 si
1181 2807 1287 2868 artilex
1301 2805 1456 2868 intendens

287 2907 382 2968 lacere
404 2906 510 2967 bonum
531 2920 614 2984 opus,
635 2903 725 2966 iaciat
746 2903 868 2964 malum.
883 2904 952 2966 Alio
973 2904 1059 2966 modo
1080 2918 1132 2980 per
1152 2903 1349 2967 deviationem
1364 2918 1381 2964 a
1396 2905 1455 2967 line

289 3003 437 3068 communi
451 3005 596 3064 humanae
610 3003 701 3074 vitae;
715 3010 746 3064 et
760 3003 816 3065 hoc
829 3001 1037 3080 modpdicetur
1052 3016 1181 3081 peccare,
1194 3003 1310 3065 etiamsi
1325 3002 1458 3064 intendat

288 3103 383 3164 lacere
402 3099 512 3162 malum
534 3114 617 3175 opus,
631 3105 660 3160 et
674 3099 762 3161 iaciat
776 3114 829 3176 per
843 3099 948 3161 hocut
962 3098 1037 3160 alius
1050 3099 1224 3176 decipiatur.
1244 3097 1302 3162 Sed
1316 3099 1373 3161 hoc
1387 3114 1457 3177 pec-

288 3206 386 3262 eatum
408 3212 463 3260 non
484 3205 528 3259 est
549 3198 699 3274 proprium
714 3197 848 3269 artificis,
862 3198 892 3258 in
905 3205 1049 3274 quantum
1067 3199 1182 3270 artilex,
1198 3197 1294 3259 sedin
1309 3203 1455 3275 quantum

288 3297 384 3360 homo.
408 3293 490 3360 Unde
509 3311 545 3358 ex
567 3296 660 3371 primo
682 3303 801 3372 peccato
821 3293 960 3371 culpatur
987 3295 1092 3357 artilex
1113 3295 1143 3356 in
1165 3302 1309 3373 quantum
1337 3295 1458 3368 artilex,

289 3395 339 3458 sed
361 3409 397 3457 ex
419 3392 545 3456 secundo
565 3393 702 3470 culpatur
722 3395 811 3455 homo
831 3393 860 3454 in
881 3401 1025 3470 quantum
1046 3394 1142 3456 homo.
1168 3390 1224 3456 Sed
1246 3393 1276 3454 in
1291 3391 1455 3454 moralibus

289 3493 337 3555 ubi
358 3491 520 3554 attenditur
536 3491 608 3554 ordo
623 3491 744 3554 rationis
759 3491 797 3552 ad
812 3492 899 3552 linem
913 3505 1098 3553 communem
1113 3490 1259 3551 humanae
1275 3491 1362 3562 vitae,
1377 3503 1460 3551 sem·

288 3605 339 3668 per
361 3596 512 3668 peccatum
534 3595 563 3650 et
585 3587 693 3650 malum
708 3587 868 3650 attenditur
884 3602 934 3664 per
948 3587 1142 3650 deviationem
1157 3589 1194 3649 ao
1208 3587 1309 3648 ordine
1331 3586 1456 3648 radonis

288 3689 325 3749 ad
346 3689 432 3750 finem
454 3700 638 3749 communem
659 3686 805 3747 humanae
819 3685 912 3758 vitae;
926 3694 956 3747 et
970 3684 1035 3747 ideo
1049 3685 1190 3762 culpatur
1205 3700 1241 3746 ex
1256 3684 1311 3746 tali
1332 3691 1457 3761 peccato

288 3785 375 3848 homo
395 3792 424 3848 et
445 3785 474 3846 in
495 3792 637 3862 quantum
653 3792 697 3846 est
713 3784 801 3846 homo
815 3791 845 3845 et
859 3785 888 3845 in
903 3792 1047 3861 quantum
1068 3784 1190 3845 moralis
1210 3790 1265 3844 est.
1285 3779 1369 3846 Unde
1387 3781 1458 3860 phi-

287 3881 425 3957 losophus
446 3882 517 3944 dicit
538 3885 566 3944 in
589 3879 630 3946 Vl
652 3879 841 3944 Ethicorum:
869 3880 956 3960 Quod
974 3881 1009 3942 io
1030 3884 1098 3942 orto
1125 3880 1231 3943 voleus
1252 3897 1389 3958 peccans
1409 3882 1459 3941 est

287 3975 458 4056 elipr‘dilior,
480 3980 561 4042 circo
578 3976 780 4060 prudentium
801 3983 907 4042 notem
927 3979 1042 4054 mione,
1064 3980 1143 4043 siout
1166 3980 1197 4041 in
1218 3977 1380 4040 virtutibus
1393 3992 1462 4040 ιιιο-

286 4074 553 4154 minuendarum
575 4078 728 4155 prudentia
750 4087 798 4139 εει
818 4077 961 4140 directim
976 4073 1027 4155 (l).
1044 4097 1062 4133 ε

334 4289 369 4351 (l)
388 4290 499 4339 Summo
517 4289 552 4338 tlt.
572 4289 605 4337 ld
621 4290 668 4339 2²0
685 4307 708 4354 q.
726 4289 791 4349 XXI,
808 4305 830 4338 a.
849 4287 864 4336 2
881 4289 912 4338 ad
928 4287 950 4338 2.
