3159 4934
319 302 356 360 80
833 311 972 353 nrurcu

362 427 489 500 lustitia,
504 437 537 489 ut
551 427 646 490 virtus
661 425 860 504 particularis,
878 425 970 486 dividi
988 423 1062 486 solet
1076 426 1105 486 in
1119 424 1371 486 commutaturum
1384 432 1415 485 ει
1427 421 1490 485 olis·

263 597 268 608 ,
323 524 512 601 traluiiuom,
535 532 621 603 prout
642 524 765 601 respicit
778 524 909 586 ordinem
925 523 970 585 vel
985 523 1073 585 unius
1087 538 1229 602 personae
1241 522 1279 583 ad
1296 522 1430 596 aiteram,
1444 521 1488 584 rel

321 623 538 688 communitatis
552 623 590 685 ad
604 622 718 701 singula
734 624 875 684 membra.
888 620 987 683 Prima
1002 621 1031 682 in
1043 621 1232 684 retribuendo
1247 621 1367 698 respicit
1381 635 1487 698 aequa·

320 723 432 785 litatem
448 721 509 783 dati
523 729 553 783 et
567 721 691 798 accepti,
706 720 833 782 meranda
848 721 1064 797 proportionem
1079 719 1259 781 meritorum.
1274 716 1359 782 Unde
1374 719 1488 781 iustitia

319 836 356 884 ex
376 821 434 882 hac
455 826 538 896 parte
559 819 679 897 respicit
698 816 832 880 uaedium
853 818 900 879 rei
919 817 1009 896 (quod
1030 819 1087 881 hoc
1108 819 1173 893 ipso
1194 819 1224 878 in
1247 817 1396 894 praesenti
1417 833 1486 879 casu

319 925 365 982 est
385 917 514 980 medium
535 914 678 994 rationis),
701 915 731 976 in
756 915 967 978 commutarim
991 915 1110 992 quidem
1137 914 1298 977 secundum
1324 915 1489 991 proportior

320 1030 385 1077 nem
407 1014 634 1087 arithmeticam,
654 1013 685 1074 in
706 1012 896 1075 distributiva
917 1028 986 1075 vero
1006 1012 1167 1074 secundum
1189 1012 1406 1093 proportionem
1422 1026 1488 1090 geu·

319 1124 483 1175 metmcam.
845 1139 848 1153 ι

359 1203 407 1272 83.
430 1205 504 1288 Quill
525 1205 688 1275 Forlilutlo.
711 1205 864 1270 Fortitudo
892 1212 946 1268 est.
973 1204 1179 1269 Considerata
1201 1205 1413 1285 periculorum
1437 1223 1489 1267 au·
1561 1170 1563 1313 l

319 1307 433 1386 eceptio
453 1309 482 1367 el
504 1305 643 1368 laborum
660 1305 828 1384 perpessio.
850 1303 891 1368 Ul
910 1312 991 1384 patet
1011 1305 1209 1382 maximopere
1229 1305 1359 1368 deservit
1380 1305 1420 1366 ad
1442 1323 1489 1367 su-

320 1405 479 1483 perandum
504 1403 600 1468 animo
626 1404 877 1480 impedimentum,
904 1404 982 1481 quod
1003 1404 1099 1465 oritur
1122 1420 1158 1465 ex
1187 1404 1364 1481 praegrandi
1388 1403 1487 1482 aliqua

320 1495 570 1569 difficultate.'sic
592 1511 636 1563 est
658 1501 795 1578 specialis
816 1503 921 1574 virtus,
935 1515 1010 1578 quae
1032 1509 1144 1578 partem
1159 1501 1340 1563 irascibilem
1361 1502 1487 1564 ordinat
1563 1545 1565 1559 .

297 1574 396 1696 jam
413 1601 437 1663 si
451 1601 596 1678 accipitur
611 1617 698 1662 sensu
711 1600 839 1677 quodam
850 1599 1006 1673 latissimo,
1016 1608 1160 1678 quatenos
1171 1601 1314 1678 importat
1325 1600 1486 1678 quamdam
1563 1562 1565 1637 7

319 1701 408 1762 animi
429 1700 613 1771 firmitatem3
635 1697 676 1760 sic
690 1706 734 1760 est
748 1698 813 1775 ipsa
827 1713 942 1776 qunque
956 1698 1101 1776 generalis
1116 1699 1220 1770 virtus,
1235 1714 1288 1760 seu
1303 1701 1402 1775 potius
1419 1715 1489 1762 con·
1563 1708 1564 1763 ι

318 1798 391 1860 ditio
404 1799 534 1859 omniurn
551 1799 702 1868 virtutum,
716 1796 754 1857 ad
768 1811 843 1873 quas
859 1797 987 1872 prolecto
998 1796 1123 1872 pertinet
1136 1796 1260 1857 firmiter
1271 1802 1301 1856 et
1314 1803 1489 1858 constanter

318 1894 441 1972 operari.
463 1891 592 1956 Medium
615 1893 704 1955 veluti
726 1901 851 1971 occupat
871 1894 945 1954 inter
969 1893 1155 1955 timiditatem
1177 1902 1206 1955 et
1226 1893 1394 1967 audaciam,
1417 1909 1488 1971 qua-

319 2002 412 2065 tenus,
433 1999 465 2054 ut
487 1992 529 2052 ait
549 1989 579 2054 S.
595 1990 733 2064 Thomas,
753 1998 800 2053 est
821 1991 981 2054 colrinitiva
1003 1991 1151 2064 timorum,
1165 2000 1195 2054 et
1216 1991 1411 2054 audaciarum
1427 2007 1488 2054 mo
1564 2016 1566 2071 l

318 2089 457 2153 derativa.
473 2087 634 2166 Praecipue
648 2103 717 2151 vero
733 2095 867 2151 versatur
881 2091 959 2151 circa
976 2088 1105 2166 pericula
1127 2089 1241 2163 mortis;
1267 2104 1336 2150 nam
1358 2091 1427 2151 eius
1440 2099 1499 2150 est.

318 2187 474 2250 obfirmare
502 2189 632 2249 animum
660 2195 793 2264 respectu
820 2201 993 2266 magnorum
1015 2187 1175 2259 malorum,
1200 2187 1364 2248 maximum
1384 2196 1487 2249 autem

318 2285 427 2347 malum
450 2286 599 2362 corporale
612 2293 659 2346 est
673 2300 761 2346 mors.
777 2282 855 2346 Hinc
871 2285 1054 2360 potissimum
1068 2291 1222 2347 exercetur
1238 2285 1268 2346 in
1284 2283 1376 2357 bello;
1392 2283 1420 2345 si
1434 2300 1489 2362 pro
1564 2312 1565 2317 ε

318 2382 393 2446 bello
413 2382 593 2462 intelligatur
607 2383 755 2461 quaelibet
768 2383 960 2460 impugnatio,
973 2382 1003 2443 in
1018 2398 1076 2460 qua
1102 2381 1200 2460 homo,
1224 2397 1276 2459 pro
1299 2380 1410 2443 virtute
1427 2397 1490 2444 ser·

319 2482 421 2560 venda,
447 2484 524 2544 vitae
552 2481 709 2543 discrimen
736 2481 868 2542 incurrit.
891 2478 1024 2559 Denique
1050 2480 1252 2541 manifestatur
1273 2480 1302 2540 in
1324 2481 1489 2557 repentinis

318 2579 468 2654 periculis;
490 2579 634 2657 siquidem
656 2579 776 2640 habitus
790 2580 853 2657 agit
873 2593 925 2656 per
946 2579 1066 2640 modum
1086 2585 1218 2642 naturae.

357 2672 405 2738 84.
420 2672 494 2755 pnid
509 2671 737 2760 Temperanlia.
754 2672 959 2753 Temperantia
977 2677 1006 2737 in
1027 2691 1061 2737 eo
1081 2675 1220 2748 cernitur,
1235 2675 1315 2752 quod
1330 2675 1385 2736 sit:
1407 2672 1490 2738 Gora·
1565 2652 1566 2673 ¹

316 2775 408 2834 siuns
428 2771 591 2835 iucliuolio
612 2771 654 2834 od
669 2773 901 2851 praescriptum
921 2772 1056 2836 rationis
1075 2770 1274 2851 sequendum,
1290 2772 1373 2834 circo
1393 2789 1490 2835 usum
1565 2812 1566 2857 ,

316 2887 421 2932 uuum
434 2869 568 2932 maxime
581 2868 805 2932 delectabilium
819 2871 911 2933 lucio
924 2861 1151 2973 scnsumlliam
1166 2887 1235 2934 cum
1251 2871 1362 2948 duplici
1382 2887 1420 2932 ex
1437 2888 1487 2933 ca·

318 2967 377 3045 pite
392 2965 525 3029 volontas
539 2981 591 3044 per
604 2968 745 3043 impetum
761 2968 904 3046 passionis
919 2968 1030 3031 retrahi
1046 2971 1139 3045 possit
1152 2971 1190 3031 ab
1204 2968 1306 3032 ordine
1327 2970 1489 3041 sectand03

317 3063 454 3126 nimirum
470 3063 515 3126 vel
529 3065 566 3126 nb
581 3065 715 3126 timorem
731 3066 904 3127 deterrentis
919 3066 997 3138 mali,
1009 3066 1055 3128 vel
1068 3069 1105 3128 ob
1119 3067 1311 3143 cupiditatem
1326 3066 1487 3128 allicientis

318 3162 400 3234 ltoni;
420 3169 522 3223 contra
543 3164 670 3239 primum
697 3164 868 3226 roboramur
895 3163 1075 3242 fortitudine,
1096 3173 1199 3226 contra
1219 3164 1356 3226 alterum·
1369 3172 1486 3242 tempe·

316 3258 419 3322 rantia.
436 3255 518 3322 Haec
534 3260 623 3322 etiarn
639 3266 732 3337 potest
746 3261 841 3336 accipi
857 3261 913 3322 suh
928 3269 1070 3338 mnocptn
1083 3262 1212 3340 quodam
1229 3261 1365 3339 generali,
1380 3271 1490 3340 quate·

315 3374 372 3420 nus
385 3356 567 3434 intelligatur
579 3366 728 3434 tamquam
743 3358 914 3431 moderatio,
929 3374 981 3436 per
996 3359 1139 3422 rationem
1156 3360 1286 3437 ponenda
1300 3359 1487 3421 inhumanis

314 3456 532 3535 operationibus
552 3464 583 3518 et
603 3456 800 3533 passionibus,
819 3456 898 3534 quod
922 3462 967 3520 est
988 3471 1141 3520 commune
1155 3456 1233 3518 omni
1249 3457 1351 3518 virtuti
1368 3458 1488 3519 morali.

316 3552 373 3618 Sed
394 3561 512 3631 sumpta
535 3561 567 3614 at
588 3552 724 3630 specialis
745 3553 839 3616 uirtus
860 3568 914 3630 pru
935 3556 1057 3618 materia
1072 3553 1172 3627 habet,
1196 3562 1229 3616 ut
1250 3553 1393 3626 diximus,
1407 3569 1489 3631 quae

316 3654 442 3716 maxime
462 3653 596 3716 alliciunt
616 3653 763 3715 hominem
785 3653 976 3716 delectatione
994 3644 1134 3716 sensibili.
1150 3651 1189 3717 Ει
1202 3655 1340 3732 quoniam
1355 3653 1488 3718 delecta-

317 3751 410 3814 tiones
437 3753 609 3829 praecipuae
637 3766 774 3812 sensuum
801 3749 870 3813 illae
893 3758 972 3826 sunt,
1000 3767 1075 3829 quae
1103 3751 1264 3830 respiciunt
1289 3752 1490 3828 operationes,

316 3849 424 3926 quibus
446 3848 490 3910 vel
512 3856 701 3912 conservatur
722 3858 827 3911 natura
841 3848 985 3910 individui
1001 3848 1165 3925 percibum
1183 3857 1213 3912 et
1228 3856 1341 3927 potum,
1356 3849 1402 3911 rel
1416 3863 1490 3912 con·

317 3954 451 4006 servatur
465 3955 568 4010 natura
584 3947 691 4024 speciei
710 3962 762 4025 per
783 3947 1015 4025 generationem
1038 3947 1117 4009 circa
1139 3957 1281 4026 utrasque
1295 3946 1487 4025 potissimum

317 4050 450 4105 versatur
472 4047 677 4122 temperantia;
701 4060 776 4122 quae
798 4055 896 4108 tamen
917 4043 1090 4106 secundario
1109 4045 1150 4106 ad
1171 4045 1245 4107 alias
1259 4045 1349 4108 etiam
1374 4060 1489 4108 concu-

198 4161 202 4168 ·
316 4139 475 4218 piscantias
496 4143 688 4204 moderandas
710 4143 885 4205 extenditur.

356 4233 404 4300 85.
420 4233 563 4304 Reduciin
579 4235 710 4305 aliarum
725 4235 868 4307 uirlulum
884 4236 925 4306 ad
940 4243 1073 4324 quatuor
1094 4245 1305 4309 enumeratas.
1320 4240 1426 4314 Quoad
1439 4258 1490 4306 re-
