3159 4934
287 297 338 355 198
608 309 649 354 rus
666 309 791 354 urrunnu
808 327 819 337 ·
836 310 904 354 naus
922 308 949 352 u
967 311 1009 354 tus
1027 308 1135 354 socrate

283 425 365 500 litas,
386 440 461 503 quae
481 440 517 488 ex
538 423 611 502 ipsis
631 423 661 486 in
683 424 853 489 societatem
882 423 1037 488 redundat.
1057 421 1154 487 Nemo
1180 423 1262 486 enirn
1284 432 1332 487 est
1358 425 1462 502 aptior

286 523 324 586 ad
345 523 419 586 alios
440 521 595 600 disciplina
616 521 800 598 imbuendos,
819 537 910 600 quam
932 522 995 601 qui,
1014 523 1186 598 nuptiarum
1214 537 1301 585 onere
1329 522 1464 598 solutus,

285 620 413 685 iamibae
433 607 578 700 regendae
598 620 723 698 negotiis
743 635 800 682 non
821 620 990 682 distinetur.
1004 617 1078 692 Quis
1099 625 1199 682 eutem
1214 620 1311 698 magis
1332 618 1461 683 idoneus

285 719 324 782 ad
344 719 519 796 sapientiem
540 718 606 780 aliis
626 717 904 781 communicandum
930 717 1162 796 excolendusque
1189 733 1298 793 mores,
1320 733 1410 796 quam
1433 717 1462 779 is

285 815 337 897 qui
352 817 512 895 sapientiae
528 817 613 879 unice
628 815 728 878 studet
741 831 777 879 ae
793 814 998 895 temperandae
1011 814 1169 892 cupiditati
1185 815 1347 894 virtutique
1360 814 1466 878 excel·

285 915 448 979 lentissimo
469 913 564 990 gradu
584 913 779 992 acquirendae
800 928 833 976 se
852 912 969 991 penitus
990 912 1187 991 mancipavit?
1204 910 1237 974 ld
1256 912 1330 975 adeo
1350 920 1461 976 natura

286 1015 351 1091 ipsa
370 1012 446 1075 duce
470 1018 500 1074 et
527 1011 670 1090 magistra
698 1010 901 1089 clarescent
927 1010 1046 1075 barbari
1067 1009 1238 1087 Americce,
1260 1010 1389 1074 nondum
1419 1010 1461 1072 ad

287 1110 403 1176 civilem
424 1110 538 1173 cultum
559 1109 689 1188 adducti,
709 1109 862 1173 ministros
882 1116 1089 1188 protestantes,
1111 1109 1164 1188 qui
1183 1124 1216 1171 se
1235 1107 1301 1173 loco
1322 1107 1467 1171 sacerdo-

288 1216 352 1271 tum
369 1206 579 1272 catholicorum
594 1206 765 1280 obtrudunt,
780 1207 961 1286 interrogare
982 1207 1095 1270 soleant
1112 1223 1183 1269 num
1206 1222 1314 1269 uxores
1329 1206 1466 1269 habeant

288 1321 393 1379 neone;
407 1321 452 1382 ac,
468 1319 606 1384 responso
620 1305 791 1380 ,affirmante
813 1312 960 1383 suscepto,
973 1304 1012 1367 ab
1032 1304 1069 1366 iis
1089 1318 1123 1366 se
1142 1304 1257 1367 edoceri
1278 1303 1457 1366 detrectent.

328 1399 470 1466 Instatis
484 1403 594 1466 denuo:
609 1401 721 1466 Bonum
740 1417 896 1465 commune
911 1402 1009 1480 potius
1022 1410 1069 1465 est
1084 1401 1159 1466 bono
1176 1402 1302 1480 privato.
1318 1398 1377 1464 Sed
1391 1416 1468 1464 con·

288 1502 401 1582 iugium
423 1509 537 1581 spectat
557 1502 665 1566 bouum
687 1516 851 1577 commune,
873 1499 1036 1565 caelibatus
1058 1501 1169 1565 bonum
1197 1499 1357 1579 privatum.
1378 1497 1462 1578 Ergo

288 1600 467 1680 coniugium,
488 1607 590 1678 utpote
609 1598 699 1662 altius
719 1599 830 1663 bouum
851 1607 998 1678 spectans
1014 1598 1213 1678 praestantius
1234 1604 1280 1660 est
1301 1597 1462 1660 caelibatu.

328 1697 366 1762 R.
387 1695 465 1761 Huic
485 1697 655 1760 difficultati
675 1696 718 1760 sic
738 1696 895 1799 respondet
917 1694 947 1761 S.
962 1695 1105 1761 Thomas:
1129 1717 1148 1754 ε
1167 1694 1282 1760 Bonum
1303 1710 1466 1758 commune

290 1797 388 1874 potius
407 1803 451 1859 est
471 1796 546 1860 bono
568 1796 692 1873 privato
714 1795 739 1858 si
760 1787 800 1858 sil
820 1796 953 1859 eiusdem
973 1795 1102 1884 generis:
1118 1795 1171 1857 sed
1185 1799 1365 1873 potestesse
1381 1793 1459 1872 quod

291 1897 399 1957 bonum
413 1893 560 1971 privatum
582 1893 621 1955 sit
636 1892 751 1972 melius,
766 1885 945 1956 secundini
948 1887 1035 1956 suum
1050 1908 1152 1972 genus
1167 1891 1207 1956 m
1221 1894 1278 1957 hoe
1300 1893 1387 1957 modo
1401 1892 1463 1954 rir-

291 1991 409 2070 ginitas‚
430 1989 492 2054 Deo
511 1990 618 2064 dicata,
641 1990 803 2068 praefertur
822 1990 994 2053 fecunditati
1015 1990 1153 2055 maritali.
1169 1989 1252 2055 Unde
1273 1990 1458 2070 Augustinus

291 2087 401 2166 dicit,
393 2105 423 2150 rn
443 2086 519 2151 libro
539 2088 575 2150 de
596 2087 775 2166 virginitate,
795 2087 874 2167 quod
895 2087 1060 2151 iocunditas
1081 2089 1188 2167 carnis,
1213 2088 1304 2150 etiam
1331 2087 1460 2161 illorum,
1553 2136 1554 2139 ε

291 2188 341 2266 qui
363 2187 393 2249 in
413 2187 470 2249 boe
491 2194 622 2264 tempore
642 2186 716 2248 nibil
737 2185 817 2249 aliud
839 2186 868 2249 in
889 2187 1034 2266 coniugio,
1047 2202 1135 2265 quam
1151 2187 1275 2264 prolem,
1297 2185 1465 2265 requirunt,

290 2302 380 2366 quam
394 2284 562 2362 mancipent
579 2282 709 2358 Christo,
724 2299 777 2362 pro
790 2285 902 2347 amissa
916 2284 1084 2364 virginitate
1098 2284 1282 2363 compensari
1302 2299 1360 2346 non
1375 2298 1464 2362 posse

290 2384 435 2449 credenda
455 2390 501 2446 est
516 2380 567 2462 (l).
582 2403 600 2439 »
623 2381 760 2446 Ceterum
781 2383 958 2446 coabbatum
985 2384 1016 2445 in
1044 2397 1202 2446 commune
1233 2384 1323 2446 etiam
1354 2383 1464 2446 bonum

293 2483 419 2546 maxime
439 2480 611 2558 redundare,
633 2482 771 2559 superius
791 2487 942 2545 ostensum
966 2488 1023 2543 est.
1149 2470 1153 2477 ’

337 2576 429 2645 Obiic.
444 2576 480 2642 ll.
496 2578 633 2643 Socrates
647 2587 676 2641 et
690 2576 785 2656 Plato,
799 2576 929 2653 omnium
944 2577 1188 2657 pbilosophorum
1201 2578 1287 2641 facile
1303 2578 1466 2658 principes,

293 2675 466 2750 docuerunt,
486 2676 525 2738 ad
545 2677 686 2754 optimam
709 2676 946 2739 constitutionem
960 2676 1091 2738 civitatis
1111 2677 1255 2754 pertinere
1277 2683 1310 2737 ut
1331 2676 1464 2739 omnium

295 2773 494 2852 possessiones
513 2775 572 2836 sint
593 2789 770 2854 communes
785 2781 815 2836 et
831 2789 935 2838 uxores
951 2775 1075 2852 pariter3
1092 2774 1342 2853 quemadmodum
1367 2773 1468 2836 videre

294 2879 341 2934 est
362 2874 391 2934 iu
413 2872 553 2949 principio
526 2869 708 2944 uTbimaei
729 2880 757 2935 et
779 2871 914 2934 inlibris
939 2871 975 2936 de
996 2872 1154 2949 republica.
1179 2871 1313 2936 lamvero
1342 2880 1469 2934 nonest

294 2968 446 3042 credibile
466 2970 522 3032 bos
543 2968 773 3048 sapientissimos
795 2969 874 3032 vinos
895 2969 1080 3032 existimasse
1106 2971 1214 3032 bonum
1243 2969 1284 3043 id
1305 2970 1415 3049 quod
1408 2971 1466 3031 ruri

294 3076 417 3130 naturae
437 3077 590 3146 repugnat.
605 3066 685 3146 Ergo
706 3067 879 3148 polyandria
898 3083 956 3131 non
976 3075 1022 3131 est
1043 3068 1203 3132 absolute'
1195 3071 1254 3130 runi
1276 3077 1402 3132 naturae
1421 3085 1468 3132 ne·

295 3181 438 3245 pugnans

335 3261 372 3326 R
387 3259 453 3326 Hoe
473 3277 529 3324 non
544 3261 626 3326 aliud
642 3263 781 3337 ostendit,
793 3263 851 3326 uisi
865 3280 954 3344 quam
968 3261 1056 3326 labile
1074 3265 1134 3327 sit
1127 3264 1274 3344 ingenium
1289 3265 1467 3345 humanum,

294 3360 386 3424 solius
407 3369 529 3424 naturae
552 3360 662 3422 viribus
681 3360 835 3436 relictum3
856 3377 923 3424 cum
945 3370 1006 3424 tam
1026 3361 1170 3439 sapientes
1190 3363 1325 3426 homines
1343 3363 1388 3427 sic
1404 3371 1470 3426 tur·

296 3459 372 3537 piter
392 3474 493 3521 errare
514 3458 670 3536 potuerint.
685 3455 748 3521 Nec
769 3459 864 3523 solum
886 3459 972 3523 bae
963 3477 994 3522 un
1015 3475 1056 3533 re,
1070 3459 1150 3521 sed
1141 3477 1170 3522 m
1185 3459 1252 3522 aliis
1267 3476 1387 3539 quoque
1402 3478 1469 3540 per·

297 3555 408 3630 multis,
422 3562 455 3618 ut
469 3572 514 3619 ex
530 3572 573 3634 gr.
590 3555 625 3617 de
646 3554 808 3620 infantibus
829 3556 1048 3631 interficiendis,
1062 3558 1112 3636 qui
1127 3557 1238 3621 debiles
1254 3566 1306 3620 aut
1320 3559 1471 3623 deformes

296 3662 495 3728 nascerentur,
516 3669 551 3716 ac
571 3653 608 3716 de
628 3653 756 3716 naturali
778 3653 943 3717 conditione
962 3654 1187 3733 mancipiorum
1207 3656 1335 3717 absurda
1358 3657 1470 3720 doeue-

297 3759 371 3814 runt.
394 3750 529 3815 Ceterum
550 3766 640 3829 quem
662 3751 751 3813 stulta
780 3754 819 3814 sit
845 3751 896 3814 illa
918 3752 1014 3830 opinio
1035 3749 1166 3816 Platonis
1191 3760 1222 3815 et
1245 3750 1378 3816 Socratis
1409 3755 1468 3818 late

297 3848 422 3911 ostendit
437 3847 634 3912 Aristoteles'
627 3865 657 3910 1n
672 3849 748 3911 libro
761 3848 889 3911 moundo
900 3849 1102 3928 politicorum
1117 3851 1167 3913 ubi
1182 3850 1378 3925 demonstrat,
1389 3867 1470 3916 com·

298 3946 462 4008 munionem
485 3962 610 4038 uxorum
631 3963 688 4011 non
711 3945 797 4008 modo
824 3961 891 4009 esse
913 3962 964 4025 per
988 3962 1020 4010 se
1040 3961 1172 4024 pravam
1193 3947 1244 4010 sed
1273 3948 1364 4011 etiam
1393 3950 1471 4012 bono

295 4042 445 4103 commoni
473 4029 600 4107 maxime
629 4043 760 4107 nocivam
790 4050 821 4106 et
847 4043 1009 4107 innumeris
1038 4043 1275 4158 turpitudinibus
1300 4047 1470 4111 obnoxiam
1548 4102 1549 4111 ,

345 4251 381 4313 (1)
400 4251 512 4302 Summo
529 4254 565 4302 tlt.
581 4251 618 4302 2?
634 4253 682 4304 2²⁶
699 4269 721 4318 q.
738 4255 809 4314 cuti,
823 4270 847 4304 ε.
862 4254 885 4306 l.
