<?xml version="1.0" encoding="UTF-8"?>
<!DOCTYPE html PUBLIC "-//W3C//DTD XHTML 1.0 Transitional//EN"
    "http://www.w3.org/TR/xhtml1/DTD/xhtml1-transitional.dtd">
<html xmlns="http://www.w3.org/1999/xhtml" xml:lang="en" lang="en">
 <head>
  <title>
</title>
<meta http-equiv="Content-Type" content="text/html;charset=utf-8" />
  <meta name='ocr-system' content='tesseract 3.04.00' />
  <meta name='ocr-capabilities' content='ocr_page ocr_carea ocr_par ocr_line ocrx_word'/>
</head>
<body>
  <div class='ocr_page' id='page_1' title='image "./institutioneset00libegoog_0157.png"; bbox 0 0 3159 4934; ppageno 0'>
   <div class='ocr_carea' id='block_1_1' title="bbox 280 308 1147 379">
    <p class='ocr_par' dir='ltr' id='par_1_1' title="bbox 280 308 1147 379">
     <span class='ocr_line' id='line_1_1' title="bbox 280 308 1147 379; baseline -0.001 -2"><span class='ocrx_word' id='word_1_1' title='bbox 280 308 348 379; x_wconf 70' lang='lat'>152⁰</span> <span class='ocrx_word' id='word_1_2' title='bbox 409 346 413 356; x_wconf 88' lang='lat'><strong>·</strong></span> <span class='ocrx_word' id='word_1_3' title='bbox 560 334 602 376; x_wconf 87' lang='lat' dir='ltr'>rus</span> <span class='ocrx_word' id='word_1_4' title='bbox 620 334 743 377; x_wconf 74' lang='lat' dir='ltr'>utronea</span> <span class='ocrx_word' id='word_1_5' title='bbox 761 353 771 362; x_wconf 95' lang='lat'>-</span> <span class='ocrx_word' id='word_1_6' title='bbox 790 333 857 378; x_wconf 81' lang='lat' dir='ltr'>rans</span> <span class='ocrx_word' id='word_1_7' title='bbox 878 335 896 375; x_wconf 86' lang='lat' dir='ltr'>r.</span> <span class='ocrx_word' id='word_1_8' title='bbox 918 332 960 377; x_wconf 89' lang='lat' dir='ltr'>rus</span> <span class='ocrx_word' id='word_1_9' title='bbox 978 332 1147 375; x_wconf 82' lang='lat' dir='ltr'>mnrvtnuxnu</span> 
     </span>
    </p>
   </div>
   <div class='ocr_carea' id='block_1_2' title="bbox 275 448 1464 3169">
    <p class='ocr_par' dir='ltr' id='par_1_2' title="bbox 275 448 1456 922">
     <span class='ocr_line' id='line_1_2' title="bbox 278 448 1448 527; baseline 0 -18"><span class='ocrx_word' id='word_1_10' title='bbox 278 458 397 527; x_wconf 93' lang='lat' dir='ltr'>propter</span> <span class='ocrx_word' id='word_1_11' title='bbox 420 450 499 515; x_wconf 85' lang='lat' dir='ltr'>bane</span> <span class='ocrx_word' id='word_1_12' title='bbox 526 448 744 511; x_wconf 88' lang='lat' dir='ltr'>nobilissimam·</span> <span class='ocrx_word' id='word_1_13' title='bbox 762 463 881 511; x_wconf 85' lang='lat' dir='ltr'>eausam</span> <span class='ocrx_word' id='word_1_14' title='bbox 905 463 1071 525; x_wconf 79' lang='lat' dir='ltr'>operamur,</span> <span class='ocrx_word' id='word_1_15' title='bbox 1094 448 1281 527; x_wconf 80' lang='lat' dir='ltr'>divinamque</span> <span class='ocrx_word' id='word_1_16' title='bbox 1306 448 1448 527; x_wconf 83' lang='lat' dir='ltr'>gloriam,</span> 
     </span>
     <span class='ocr_line' id='line_1_3' title="bbox 277 545 1450 624; baseline 0.001 -18"><span class='ocrx_word' id='word_1_17' title='bbox 277 545 372 622; x_wconf 87' lang='lat' dir='ltr'>quoad</span> <span class='ocrx_word' id='word_1_18' title='bbox 393 546 457 607; x_wconf 88' lang='lat' dir='ltr'>lieri</span> <span class='ocrx_word' id='word_1_19' title='bbox 477 553 583 623; x_wconf 89' lang='lat' dir='ltr'>potest,</span> <span class='ocrx_word' id='word_1_20' title='bbox 603 545 784 623; x_wconf 87' lang='lat' dir='ltr'>amplificare</span> <span class='ocrx_word' id='word_1_21' title='bbox 805 546 980 619; x_wconf 89' lang='lat' dir='ltr'>adnitimur;</span> <span class='ocrx_word' id='word_1_22' title='bbox 1004 555 1072 609; x_wconf 90' lang='lat' dir='ltr'>tuuc</span> <span class='ocrx_word' id='word_1_23' title='bbox 1094 546 1307 624; x_wconf 85' lang='lat' dir='ltr'>perfectissimo</span> <span class='ocrx_word' id='word_1_24' title='bbox 1329 545 1450 608; x_wconf 85' lang='lat' dir='ltr'>motivo</span> 
     </span>
     <span class='ocr_line' id='line_1_4' title="bbox 277 645 1452 725; baseline 0.002 -20"><span class='ocrx_word' id='word_1_25' title='bbox 277 660 424 723; x_wconf 83' lang='lat' dir='ltr'>urgemur,</span> <span class='ocrx_word' id='word_1_26' title='bbox 439 661 498 723; x_wconf 94' lang='lat' dir='ltr'>quo</span> <span class='ocrx_word' id='word_1_27' title='bbox 520 646 727 724; x_wconf 75' lang='lat' dir='ltr'><strong>praestabilius</strong></span> <span class='ocrx_word' id='word_1_28' title='bbox 748 646 859 709; x_wconf 92' lang='lat' dir='ltr'>nullum</span> <span class='ocrx_word' id='word_1_29' title='bbox 876 648 1099 725; x_wconf 73' lang='lat' dir='ltr'>excogitabitur.</span> <span class='ocrx_word' id='word_1_30' title='bbox 1114 645 1172 710; x_wconf 87' lang='lat' dir='ltr'>Sed</span> <span class='ocrx_word' id='word_1_31' title='bbox 1192 646 1336 709; x_wconf 90' lang='lat' dir='ltr'>eiusmodi</span> <span class='ocrx_word' id='word_1_32' title='bbox 1358 660 1452 724; x_wconf 86' lang='lat' dir='ltr'>prae-</span> 
     </span>
     <span class='ocr_line' id='line_1_5' title="bbox 277 740 1456 822; baseline 0.003 -21"><span class='ocrx_word' id='word_1_33' title='bbox 277 742 397 818; x_wconf 80' lang='lat' dir='ltr'>scriptio</span> <span class='ocrx_word' id='word_1_34' title='bbox 416 758 472 804; x_wconf 94' lang='lat' dir='ltr'>non</span> <span class='ocrx_word' id='word_1_35' title='bbox 486 759 504 805; x_wconf 87' lang='lat' dir='ltr'>a</span> <span class='ocrx_word' id='word_1_36' title='bbox 518 742 701 806; x_wconf 89' lang='lat' dir='ltr'>rationalista</span> <span class='ocrx_word' id='word_1_37' title='bbox 716 740 819 820; x_wconf 84' lang='lat' dir='ltr'>Kont,</span> <span class='ocrx_word' id='word_1_38' title='bbox 842 744 894 806; x_wconf 93' lang='lat' dir='ltr'>sed</span> <span class='ocrx_word' id='word_1_39' title='bbox 915 762 933 805; x_wconf 90' lang='lat' dir='ltr'>a</span> <span class='ocrx_word' id='word_1_40' title='bbox 955 741 1059 805; x_wconf 82' lang='lat' dir='ltr'>Paulo</span> <span class='ocrx_word' id='word_1_41' title='bbox 1073 744 1216 821; x_wconf 82' lang='lat' dir='ltr'>Apostolo</span> <span class='ocrx_word' id='word_1_42' title='bbox 1237 745 1366 822; x_wconf 80' lang='lat' dir='ltr'>prolecta</span> <span class='ocrx_word' id='word_1_43' title='bbox 1384 750 1456 815; x_wconf 82' lang='lat' dir='ltr'>est,</span> 
     </span>
     <span class='ocr_line' id='line_1_6' title="bbox 275 838 1453 922; baseline 0 -21"><span class='ocrx_word' id='word_1_44' title='bbox 275 841 326 917; x_wconf 93' lang='lat' dir='ltr'>qui</span> <span class='ocrx_word' id='word_1_45' title='bbox 348 840 432 902; x_wconf 91' lang='lat' dir='ltr'>uobis</span> <span class='ocrx_word' id='word_1_46' title='bbox 448 840 529 903; x_wconf 91' lang='lat' dir='ltr'>iubet</span> <span class='ocrx_word' id='word_1_47' title='bbox 550 850 583 903; x_wconf 95' lang='lat' dir='ltr'>ut</span> <span class='ocrx_word' id='word_1_48' title='bbox 600 840 697 903; x_wconf 89' lang='lat' dir='ltr'>omnia</span> <span class='ocrx_word' id='word_1_49' title='bbox 717 856 791 919; x_wconf 90' lang='lat' dir='ltr'>quae</span> <span class='ocrx_word' id='word_1_50' title='bbox 812 841 948 915; x_wconf 83' lang='lat' dir='ltr'>tacimus,</span> <span class='ocrx_word' id='word_1_51' title='bbox 968 843 1002 903; x_wconf 82' lang='lat' dir='ltr'>in</span> <span class='ocrx_word' id='word_1_52' title='bbox 1023 838 1085 904; x_wconf 83' lang='lat' dir='ltr'>Dei</span> <span class='ocrx_word' id='word_1_53' title='bbox 1102 840 1237 922; x_wconf 77' lang='lat' dir='ltr'>pierium</span> <span class='ocrx_word' id='word_1_54' title='bbox 1257 840 1453 921; x_wconf 77' lang='lat' dir='ltr'>diripuimus.</span> 
     </span>
    </p>

    <p class='ocr_par' dir='ltr' id='par_1_3' title="bbox 276 934 1460 2175">
     <span class='ocr_line' id='line_1_7' title="bbox 316 934 1455 1018; baseline 0 -19"><span class='ocrx_word' id='word_1_55' title='bbox 316 934 437 1011; x_wconf 83' lang='lat' dir='ltr'>Deinde,</span> <span class='ocrx_word' id='word_1_56' title='bbox 450 938 629 1017; x_wconf 83' lang='lat' dir='ltr'>quicumque</span> <span class='ocrx_word' id='word_1_57' title='bbox 642 938 830 1002; x_wconf 78' lang='lat' dir='ltr'>excellentiae</span> <span class='ocrx_word' id='word_1_58' title='bbox 844 940 955 1018; x_wconf 83' lang='lat' dir='ltr'>gradus</span> <span class='ocrx_word' id='word_1_59' title='bbox 970 940 1078 1003; x_wconf 88' lang='lat' dir='ltr'>motivo</span> <span class='ocrx_word' id='word_1_60' title='bbox 1098 940 1141 1003; x_wconf 91' lang='lat' dir='ltr'>iili</span> <span class='ocrx_word' id='word_1_61' title='bbox 1156 938 1305 1003; x_wconf 87' lang='lat' dir='ltr'>Kantiano</span> <span class='ocrx_word' id='word_1_62' title='bbox 1319 938 1455 1001; x_wconf 79' lang='lat' dir='ltr'>attribui</span> 
     </span>
     <span class='ocr_line' id='line_1_8' title="bbox 276 1034 1457 1116; baseline 0 -19"><span class='ocrx_word' id='word_1_63' title='bbox 276 1034 356 1109; x_wconf 79' lang='lat' dir='ltr'>velit,</span> <span class='ocrx_word' id='word_1_64' title='bbox 376 1052 433 1099; x_wconf 94' lang='lat' dir='ltr'>non</span> <span class='ocrx_word' id='word_1_65' title='bbox 458 1037 569 1100; x_wconf 90' lang='lat' dir='ltr'>ideireo</span> <span class='ocrx_word' id='word_1_66' title='bbox 589 1038 724 1100; x_wconf 92' lang='lat' dir='ltr'>inleriora</span> <span class='ocrx_word' id='word_1_67' title='bbox 749 1038 939 1101; x_wconf 88' lang='lat' dir='ltr'>incitamenta</span> <span class='ocrx_word' id='word_1_68' title='bbox 960 1046 1110 1116; x_wconf 80' lang='lat' dir='ltr'>mmquam</span> <span class='ocrx_word' id='word_1_69' title='bbox 1131 1046 1231 1100; x_wconf 88' lang='lat' dir='ltr'>aetum</span> <span class='ocrx_word' id='word_1_70' title='bbox 1253 1036 1457 1113; x_wconf 78' lang='lat' dir='ltr'>deturpantis</span> 
     </span>
     <span class='ocr_line' id='line_1_9' title="bbox 276 1127 1458 1206; baseline 0.003 -13"><span class='ocrx_word' id='word_1_71' title='bbox 276 1132 380 1195; x_wconf 90' lang='lat' dir='ltr'>baberi</span> <span class='ocrx_word' id='word_1_72' title='bbox 394 1132 513 1206; x_wconf 91' lang='lat' dir='ltr'>debent;</span> <span class='ocrx_word' id='word_1_73' title='bbox 528 1127 613 1197; x_wconf 85' lang='lat' dir='ltr'>niodo</span> <span class='ocrx_word' id='word_1_74' title='bbox 627 1136 687 1197; x_wconf 93' lang='lat' dir='ltr'>sint</span> <span class='ocrx_word' id='word_1_75' title='bbox 699 1135 870 1198; x_wconf 89' lang='lat' dir='ltr'>huiusmodi</span> <span class='ocrx_word' id='word_1_76' title='bbox 886 1145 918 1197; x_wconf 90' lang='lat' dir='ltr'>ut</span> <span class='ocrx_word' id='word_1_77' title='bbox 931 1136 1061 1198; x_wconf 87' lang='lat' dir='ltr'>ordinem</span> <span class='ocrx_word' id='word_1_78' title='bbox 1077 1136 1200 1198; x_wconf 89' lang='lat' dir='ltr'>rationis</span> <span class='ocrx_word' id='word_1_79' title='bbox 1214 1151 1270 1198; x_wconf 92' lang='lat' dir='ltr'>nou</span> <span class='ocrx_word' id='word_1_80' title='bbox 1284 1136 1458 1197; x_wconf 87' lang='lat' dir='ltr'>invertant.-</span> 
     </span>
     <span class='ocr_line' id='line_1_10' title="bbox 278 1227 1458 1310; baseline 0.002 -17"><span class='ocrx_word' id='word_1_81' title='bbox 278 1227 327 1293; x_wconf 87' lang='lat' dir='ltr'>Sie</span> <span class='ocrx_word' id='word_1_82' title='bbox 338 1245 408 1307; x_wconf 93' lang='lat' dir='ltr'>spes</span> <span class='ocrx_word' id='word_1_83' title='bbox 418 1230 534 1293; x_wconf 83' lang='lat' dir='ltr'>futurae</span> <span class='ocrx_word' id='word_1_84' title='bbox 549 1233 788 1296; x_wconf 85' lang='lat' dir='ltr'>remunerationis</span> <span class='ocrx_word' id='word_1_85' title='bbox 799 1240 851 1295; x_wconf 89' lang='lat' dir='ltr'>aut</span> <span class='ocrx_word' id='word_1_86' title='bbox 861 1241 1045 1295; x_wconf 86' lang='lat' dir='ltr'>aeternarum</span> <span class='ocrx_word' id='word_1_87' title='bbox 1057 1248 1214 1310; x_wconf 88' lang='lat' dir='ltr'>poenarum</span> <span class='ocrx_word' id='word_1_88' title='bbox 1226 1242 1322 1295; x_wconf 90' lang='lat' dir='ltr'>metus</span> <span class='ocrx_word' id='word_1_89' title='bbox 1333 1232 1458 1309; x_wconf 91' lang='lat' dir='ltr'>optime</span> 
     </span>
     <span class='ocr_line' id='line_1_11' title="bbox 278 1328 1460 1409; baseline 0.004 -20"><span class='ocrx_word' id='word_1_90' title='bbox 278 1328 408 1390; x_wconf 89' lang='lat' dir='ltr'>animum</span> <span class='ocrx_word' id='word_1_91' title='bbox 436 1328 585 1407; x_wconf 88' lang='lat' dir='ltr'>impellere</span> <span class='ocrx_word' id='word_1_92' title='bbox 611 1339 757 1407; x_wconf 88' lang='lat' dir='ltr'>poterunt,</span> <span class='ocrx_word' id='word_1_93' title='bbox 785 1339 819 1393; x_wconf 89' lang='lat' dir='ltr'>ut</span> <span class='ocrx_word' id='word_1_94' title='bbox 838 1331 946 1394; x_wconf 89' lang='lat' dir='ltr'>bonurn</span> <span class='ocrx_word' id='word_1_95' title='bbox 975 1340 1177 1409; x_wconf 77' lang='lat' dir='ltr'>prosequatur,</span> <span class='ocrx_word' id='word_1_96' title='bbox 1202 1337 1232 1392; x_wconf 90' lang='lat' dir='ltr'>et</span> <span class='ocrx_word' id='word_1_97' title='bbox 1258 1328 1367 1392; x_wconf 89' lang='lat' dir='ltr'>malum</span> <span class='ocrx_word' id='word_1_98' title='bbox 1392 1331 1460 1394; x_wconf 86' lang='lat' dir='ltr'>de-</span> 
     </span>
     <span class='ocr_line' id='line_1_12' title="bbox 278 1425 1457 1506; baseline -0.001 -16"><span class='ocrx_word' id='word_1_99' title='bbox 278 1426 374 1490; x_wconf 91' lang='lat' dir='ltr'>clinet.</span> <span class='ocrx_word' id='word_1_100' title='bbox 397 1425 474 1489; x_wconf 89' lang='lat' dir='ltr'>Nam</span> <span class='ocrx_word' id='word_1_101' title='bbox 499 1428 524 1489; x_wconf 93' lang='lat' dir='ltr'>si</span> <span class='ocrx_word' id='word_1_102' title='bbox 546 1430 634 1492; x_wconf 91' lang='lat' dir='ltr'>bomo</span> <span class='ocrx_word' id='word_1_103' title='bbox 655 1429 692 1491; x_wconf 88' lang='lat' dir='ltr'>ad</span> <span class='ocrx_word' id='word_1_104' title='bbox 716 1430 886 1492; x_wconf 81' lang='lat' dir='ltr'>felicitatem</span> <span class='ocrx_word' id='word_1_105' title='bbox 911 1430 1029 1495; x_wconf 89' lang='lat' dir='ltr'>tandem</span> <span class='ocrx_word' id='word_1_106' title='bbox 1053 1428 1209 1506; x_wconf 90' lang='lat' dir='ltr'>aliquando</span> <span class='ocrx_word' id='word_1_107' title='bbox 1233 1427 1457 1505; x_wconf 90' lang='lat' dir='ltr'>capessendam</span> 
     </span>
     <span class='ocr_line' id='line_1_13' title="bbox 278 1525 1456 1605; baseline 0.001 -18"><span class='ocrx_word' id='word_1_108' title='bbox 278 1526 413 1587; x_wconf 88' lang='lat' dir='ltr'>conditus</span> <span class='ocrx_word' id='word_1_109' title='bbox 438 1535 493 1599; x_wconf 78' lang='lat' dir='ltr'>est,</span> <span class='ocrx_word' id='word_1_110' title='bbox 517 1537 609 1605; x_wconf 87' lang='lat' dir='ltr'>eaque</span> <span class='ocrx_word' id='word_1_111' title='bbox 633 1542 665 1589; x_wconf 92' lang='lat' dir='ltr'>se</span> <span class='ocrx_word' id='word_1_112' title='bbox 690 1527 812 1605; x_wconf 83' lang='lat' dir='ltr'>dignum</span> <span class='ocrx_word' id='word_1_113' title='bbox 836 1528 952 1589; x_wconf 86' lang='lat' dir='ltr'>notibus</span> <span class='ocrx_word' id='word_1_114' title='bbox 973 1526 1035 1587; x_wconf 91' lang='lat' dir='ltr'>suis</span> <span class='ocrx_word' id='word_1_115' title='bbox 1056 1526 1172 1587; x_wconf 85' lang='lat' dir='ltr'>efficere</span> <span class='ocrx_word' id='word_1_116' title='bbox 1192 1525 1293 1598; x_wconf 83' lang='lat' dir='ltr'>debet3</span> <span class='ocrx_word' id='word_1_117' title='bbox 1314 1526 1456 1602; x_wconf 85' lang='lat' dir='ltr'>protecto</span> 
     </span>
     <span class='ocr_line' id='line_1_14' title="bbox 278 1622 1456 1701; baseline -0.001 -17"><span class='ocrx_word' id='word_1_118' title='bbox 278 1632 364 1685; x_wconf 88' lang='lat' dir='ltr'>actus</span> <span class='ocrx_word' id='word_1_119' title='bbox 385 1624 562 1699; x_wconf 79' lang='lat' dir='ltr'>huiusmodi,</span> <span class='ocrx_word' id='word_1_120' title='bbox 585 1632 721 1701; x_wconf 89' lang='lat' dir='ltr'>respectu</span> <span class='ocrx_word' id='word_1_121' title='bbox 742 1624 904 1697; x_wconf 78' lang='lat' dir='ltr'>felicitatis,</span> <span class='ocrx_word' id='word_1_122' title='bbox 927 1640 959 1686; x_wconf 92' lang='lat' dir='ltr'>se</span> <span class='ocrx_word' id='word_1_123' title='bbox 978 1624 1088 1686; x_wconf 90' lang='lat' dir='ltr'>habent</span> <span class='ocrx_word' id='word_1_124' title='bbox 1111 1631 1144 1683; x_wconf 92' lang='lat' dir='ltr'>ut</span> <span class='ocrx_word' id='word_1_125' title='bbox 1167 1622 1263 1685; x_wconf 90' lang='lat' dir='ltr'>media</span> <span class='ocrx_word' id='word_1_126' title='bbox 1282 1623 1321 1684; x_wconf 93' lang='lat' dir='ltr'>ad</span> <span class='ocrx_word' id='word_1_127' title='bbox 1347 1624 1456 1685; x_wconf 91' lang='lat' dir='ltr'>linem.</span> 
     </span>
     <span class='ocr_line' id='line_1_15' title="bbox 279 1721 1456 1799; baseline 0 -16"><span class='ocrx_word' id='word_1_128' title='bbox 279 1722 320 1783; x_wconf 90' lang='lat' dir='ltr'>At</span> <span class='ocrx_word' id='word_1_129' title='bbox 341 1737 409 1784; x_wconf 88' lang='lat' dir='ltr'>vero</span> <span class='ocrx_word' id='word_1_130' title='bbox 429 1723 498 1799; x_wconf 91' lang='lat' dir='ltr'>quis</span> <span class='ocrx_word' id='word_1_131' title='bbox 519 1737 576 1783; x_wconf 93' lang='lat' dir='ltr'>uon</span> <span class='ocrx_word' id='word_1_132' title='bbox 601 1721 680 1784; x_wconf 90' lang='lat' dir='ltr'>videt</span> <span class='ocrx_word' id='word_1_133' title='bbox 700 1721 773 1784; x_wconf 90' lang='lat' dir='ltr'>nihil</span> <span class='ocrx_word' id='word_1_134' title='bbox 793 1721 990 1785; x_wconf 89' lang='lat' dir='ltr'>inordinatum</span> <span class='ocrx_word' id='word_1_135' title='bbox 1011 1730 1064 1783; x_wconf 93' lang='lat' dir='ltr'>aut</span> <span class='ocrx_word' id='word_1_136' title='bbox 1086 1729 1304 1798; x_wconf 90' lang='lat' dir='ltr'>praeposterum</span> <span class='ocrx_word' id='word_1_137' title='bbox 1329 1734 1393 1782; x_wconf 87' lang='lat' dir='ltr'>esse</span> <span class='ocrx_word' id='word_1_138' title='bbox 1415 1721 1456 1783; x_wconf 91' lang='lat' dir='ltr'>in</span> 
     </span>
     <span class='ocr_line' id='line_1_16' title="bbox 278 1814 1456 1897; baseline 0 -18"><span class='ocrx_word' id='word_1_139' title='bbox 278 1819 345 1892; x_wconf 81' lang='lat' dir='ltr'>boo,</span> <span class='ocrx_word' id='word_1_140' title='bbox 358 1820 437 1897; x_wconf 92' lang='lat' dir='ltr'>quod</span> <span class='ocrx_word' id='word_1_141' title='bbox 456 1820 551 1882; x_wconf 87' lang='lat' dir='ltr'>media</span> <span class='ocrx_word' id='word_1_142' title='bbox 572 1828 691 1897; x_wconf 91' lang='lat' dir='ltr'>propter</span> <span class='ocrx_word' id='word_1_143' title='bbox 712 1819 800 1882; x_wconf 90' lang='lat' dir='ltr'>linem</span> <span class='ocrx_word' id='word_1_144' title='bbox 821 1819 1035 1883; x_wconf 84' lang='lat' dir='ltr'>adhibeantur?</span> <span class='ocrx_word' id='word_1_145' title='bbox 1057 1814 1187 1879; x_wconf 88' lang='lat' dir='ltr'>Maxime</span> <span class='ocrx_word' id='word_1_146' title='bbox 1207 1833 1276 1880; x_wconf 86' lang='lat' dir='ltr'>vero</span> <span class='ocrx_word' id='word_1_147' title='bbox 1298 1817 1327 1879; x_wconf 96' lang='lat' dir='ltr'>id</span> <span class='ocrx_word' id='word_1_148' title='bbox 1346 1816 1456 1879; x_wconf 86' lang='lat' dir='ltr'>locum</span> 
     </span>
     <span class='ocr_line' id='line_1_17' title="bbox 279 1915 1456 1996; baseline -0.002 -17"><span class='ocrx_word' id='word_1_149' title='bbox 279 1918 378 1990; x_wconf 88' lang='lat' dir='ltr'>babet,</span> <span class='ocrx_word' id='word_1_150' title='bbox 392 1919 417 1978; x_wconf 90' lang='lat' dir='ltr'>si</span> <span class='ocrx_word' id='word_1_151' title='bbox 432 1918 536 1979; x_wconf 89' lang='lat' dir='ltr'>exinde</span> <span class='ocrx_word' id='word_1_152' title='bbox 550 1919 747 1996; x_wconf 89' lang='lat' dir='ltr'>praestantius</span> <span class='ocrx_word' id='word_1_153' title='bbox 761 1916 900 1995; x_wconf 88' lang='lat' dir='ltr'>operandi</span> <span class='ocrx_word' id='word_1_154' title='bbox 916 1917 1067 1994; x_wconf 81' lang='lat' dir='ltr'>motivum,</span> <span class='ocrx_word' id='word_1_155' title='bbox 1083 1931 1118 1977; x_wconf 90' lang='lat' dir='ltr'>ne</span> <span class='ocrx_word' id='word_1_156' title='bbox 1130 1916 1313 1992; x_wconf 88' lang='lat' dir='ltr'>praecisione</span> <span class='ocrx_word' id='word_1_157' title='bbox 1326 1915 1456 1992; x_wconf 90' lang='lat' dir='ltr'>quidem</span> 
     </span>
     <span class='ocr_line' id='line_1_18' title="bbox 280 2013 1458 2093; baseline -0.002 -17"><span class='ocrx_word' id='word_1_158' title='bbox 280 2015 387 2077; x_wconf 89' lang='lat' dir='ltr'>mentis</span> <span class='ocrx_word' id='word_1_159' title='bbox 408 2013 594 2089; x_wconf 86' lang='lat' dir='ltr'>excludatnr;</span> <span class='ocrx_word' id='word_1_160' title='bbox 617 2016 678 2090; x_wconf 90' lang='lat' dir='ltr'>sed,</span> <span class='ocrx_word' id='word_1_161' title='bbox 699 2031 733 2078; x_wconf 94' lang='lat' dir='ltr'>eo</span> <span class='ocrx_word' id='word_1_162' title='bbox 754 2030 825 2093; x_wconf 92' lang='lat' dir='ltr'>prae</span> <span class='ocrx_word' id='word_1_163' title='bbox 839 2014 934 2078; x_wconf 85' lang='lat' dir='ltr'>oeulis</span> <span class='ocrx_word' id='word_1_164' title='bbox 954 2022 1075 2087; x_wconf 84' lang='lat' dir='ltr'>retento,</span> <span class='ocrx_word' id='word_1_165' title='bbox 1089 2021 1187 2076; x_wconf 88' lang='lat' dir='ltr'>cetera</span> <span class='ocrx_word' id='word_1_166' title='bbox 1201 2022 1341 2091; x_wconf 89' lang='lat' dir='ltr'>tanquam</span> <span class='ocrx_word' id='word_1_167' title='bbox 1361 2013 1458 2074; x_wconf 87' lang='lat' dir='ltr'>adiu—</span> 
     </span>
     <span class='ocr_line' id='line_1_19' title="bbox 280 2112 782 2175; baseline 0 -2"><span class='ocrx_word' id='word_1_168' title='bbox 280 2118 376 2175; x_wconf 89' lang='lat' dir='ltr'>menta</span> <span class='ocrx_word' id='word_1_169' title='bbox 398 2112 558 2175; x_wconf 89' lang='lat' dir='ltr'>voluntatis</span> <span class='ocrx_word' id='word_1_170' title='bbox 578 2113 782 2175; x_wconf 90' lang='lat' dir='ltr'>admittantur.</span> 
     </span>
    </p>

    <p class='ocr_par' dir='ltr' id='par_1_4' title="bbox 279 2208 1464 3169">
     <span class='ocr_line' id='line_1_20' title="bbox 317 2208 1456 2289; baseline -0.002 -16"><span class='ocrx_word' id='word_1_171' title='bbox 317 2209 453 2283; x_wconf 83' lang='lat' dir='ltr'>Accedit,</span> <span class='ocrx_word' id='word_1_172' title='bbox 474 2208 551 2289; x_wconf 90' lang='lat' dir='ltr'>qnod</span> <span class='ocrx_word' id='word_1_173' title='bbox 572 2212 629 2272; x_wconf 90' lang='lat' dir='ltr'>iste</span> <span class='ocrx_word' id='word_1_174' title='bbox 644 2210 748 2272; x_wconf 90' lang='lat' dir='ltr'>modus</span> <span class='ocrx_word' id='word_1_175' title='bbox 763 2209 901 2288; x_wconf 89' lang='lat' dir='ltr'>operandi</span> <span class='ocrx_word' id='word_1_176' title='bbox 916 2217 1054 2273; x_wconf 89' lang='lat' dir='ltr'>consonat</span> <span class='ocrx_word' id='word_1_177' title='bbox 1075 2208 1227 2271; x_wconf 91' lang='lat' dir='ltr'>intentioni</span> <span class='ocrx_word' id='word_1_178' title='bbox 1243 2209 1377 2282; x_wconf 68' lang='lat' dir='ltr'>divinam</span> <span class='ocrx_word' id='word_1_179' title='bbox 1398 2212 1456 2271; x_wconf 89' lang='lat' dir='ltr'>cui</span> 
     </span>
     <span class='ocr_line' id='line_1_21' title="bbox 280 2306 1464 2392; baseline -0.001 -21"><span class='ocrx_word' id='word_1_180' title='bbox 280 2311 305 2371; x_wconf 93' lang='lat' dir='ltr'>si</span> <span class='ocrx_word' id='word_1_181' title='bbox 319 2310 398 2373; x_wconf 87' lang='lat' dir='ltr'>actio</span> <span class='ocrx_word' id='word_1_182' title='bbox 411 2309 617 2381; x_wconf 78' lang='lat' dir='ltr'>conformatur,</span> <span class='ocrx_word' id='word_1_183' title='bbox 632 2309 786 2371; x_wconf 89' lang='lat' dir='ltr'>inhonesta</span> <span class='ocrx_word' id='word_1_184' title='bbox 801 2308 870 2380; x_wconf 85' lang='lat' dir='ltr'>dici,</span> <span class='ocrx_word' id='word_1_185' title='bbox 885 2308 946 2371; x_wconf 91' lang='lat' dir='ltr'>sine</span> <span class='ocrx_word' id='word_1_186' title='bbox 959 2308 1120 2385; x_wconf 87' lang='lat' dir='ltr'>impietate,</span> <span class='ocrx_word' id='word_1_187' title='bbox 1133 2323 1189 2370; x_wconf 93' lang='lat' dir='ltr'>nou</span> <span class='ocrx_word' id='word_1_188' title='bbox 1205 2316 1309 2385; x_wconf 88' lang='lat' dir='ltr'>potest.</span> <span class='ocrx_word' id='word_1_189' title='bbox 1321 2306 1360 2371; x_wconf 85' lang='lat' dir='ltr'>Et</span> <span class='ocrx_word' id='word_1_190' title='bbox 1376 2323 1464 2392; x_wconf 52' lang='lat' dir='ltr'>sane,</span> 
     </span>
     <span class='ocr_line' id='line_1_22' title="bbox 279 2405 1454 2486; baseline 0 -17"><span class='ocrx_word' id='word_1_191' title='bbox 279 2408 393 2485; x_wconf 87' lang='lat' dir='ltr'>sapiens</span> <span class='ocrx_word' id='word_1_192' title='bbox 406 2407 558 2486; x_wconf 80' lang='lat' dir='ltr'>legislator</span> <span class='ocrx_word' id='word_1_193' title='bbox 571 2406 682 2469; x_wconf 88' lang='lat' dir='ltr'>ideirco</span> <span class='ocrx_word' id='word_1_194' title='bbox 693 2406 822 2483; x_wconf 90' lang='lat' dir='ltr'>praemia</span> <span class='ocrx_word' id='word_1_195' title='bbox 838 2407 983 2483; x_wconf 89' lang='lat' dir='ltr'>proponit,</span> <span class='ocrx_word' id='word_1_196' title='bbox 997 2414 1030 2468; x_wconf 91' lang='lat' dir='ltr'>ut</span> <span class='ocrx_word' id='word_1_197' title='bbox 1043 2406 1194 2468; x_wconf 90' lang='lat' dir='ltr'>subditum</span> <span class='ocrx_word' id='word_1_198' title='bbox 1206 2406 1242 2468; x_wconf 90' lang='lat' dir='ltr'>ad</span> <span class='ocrx_word' id='word_1_199' title='bbox 1258 2405 1318 2486; x_wconf 79' lang='lat' dir='ltr'>legi</span> <span class='ocrx_word' id='word_1_200' title='bbox 1331 2407 1454 2469; x_wconf 89' lang='lat' dir='ltr'>obtem-</span> 
     </span>
     <span class='ocr_line' id='line_1_23' title="bbox 279 2503 1453 2584; baseline -0.003 -16"><span class='ocrx_word' id='word_1_201' title='bbox 279 2507 440 2584; x_wconf 87' lang='lat' dir='ltr'>perandum</span> <span class='ocrx_word' id='word_1_202' title='bbox 461 2505 580 2568; x_wconf 89' lang='lat' dir='ltr'>alliciat.</span> <span class='ocrx_word' id='word_1_203' title='bbox 603 2503 647 2567; x_wconf 89' lang='lat' dir='ltr'>lta</span> <span class='ocrx_word' id='word_1_204' title='bbox 668 2504 760 2582; x_wconf 82' lang='lat' dir='ltr'>igitur</span> <span class='ocrx_word' id='word_1_205' title='bbox 782 2505 890 2567; x_wconf 91' lang='lat' dir='ltr'>moveri</span> <span class='ocrx_word' id='word_1_206' title='bbox 913 2504 1069 2581; x_wconf 87' lang='lat' dir='ltr'>aliquando</span> <span class='ocrx_word' id='word_1_207' title='bbox 1090 2504 1128 2566; x_wconf 90' lang='lat' dir='ltr'>ad</span> <span class='ocrx_word' id='word_1_208' title='bbox 1148 2504 1243 2583; x_wconf 82' lang='lat' dir='ltr'>legem</span> <span class='ocrx_word' id='word_1_209' title='bbox 1259 2505 1453 2575; x_wconf 77' lang='lat' dir='ltr'>servandam,</span> 
     </span>
     <span class='ocr_line' id='line_1_24' title="bbox 279 2600 1457 2682; baseline -0.003 -16"><span class='ocrx_word' id='word_1_210' title='bbox 279 2604 372 2682; x_wconf 90' lang='lat' dir='ltr'>ipsius</span> <span class='ocrx_word' id='word_1_211' title='bbox 387 2604 564 2682; x_wconf 82' lang='lat' dir='ltr'>legislatoris</span> <span class='ocrx_word' id='word_1_212' title='bbox 582 2602 734 2665; x_wconf 89' lang='lat' dir='ltr'>intentioni</span> <span class='ocrx_word' id='word_1_213' title='bbox 756 2602 920 2679; x_wconf 90' lang='lat' dir='ltr'>respondet.</span> <span class='ocrx_word' id='word_1_214' title='bbox 935 2600 1015 2679; x_wconf 81' lang='lat' dir='ltr'>Ergo</span> <span class='ocrx_word' id='word_1_215' title='bbox 1030 2602 1136 2664; x_wconf 89' lang='lat' dir='ltr'>modus</span> <span class='ocrx_word' id='word_1_216' title='bbox 1151 2602 1201 2664; x_wconf 88' lang='lat' dir='ltr'>bie</span> <span class='ocrx_word' id='word_1_217' title='bbox 1218 2601 1324 2680; x_wconf 81' lang='lat' dir='ltr'>agendi</span> <span class='ocrx_word' id='word_1_218' title='bbox 1339 2600 1457 2663; x_wconf 93' lang='lat' dir='ltr'>inordi-</span> 
     </span>
     <span class='ocr_line' id='line_1_25' title="bbox 279 2697 1454 2779; baseline -0.003 -16"><span class='ocrx_word' id='word_1_219' title='bbox 279 2711 366 2764; x_wconf 91' lang='lat' dir='ltr'>natus</span> <span class='ocrx_word' id='word_1_220' title='bbox 388 2702 446 2764; x_wconf 87' lang='lat' dir='ltr'>dici</span> <span class='ocrx_word' id='word_1_221' title='bbox 467 2702 576 2779; x_wconf 80' lang='lat' dir='ltr'>nequit,</span> <span class='ocrx_word' id='word_1_222' title='bbox 597 2700 669 2779; x_wconf 92' lang='lat' dir='ltr'>quin</span> <span class='ocrx_word' id='word_1_223' title='bbox 689 2701 753 2777; x_wconf 92' lang='lat' dir='ltr'>ipse</span> <span class='ocrx_word' id='word_1_224' title='bbox 772 2699 923 2777; x_wconf 83' lang='lat' dir='ltr'>legislator</span> <span class='ocrx_word' id='word_1_225' title='bbox 943 2699 1167 2762; x_wconf 89' lang='lat' dir='ltr'>inordinationis</span> <span class='ocrx_word' id='word_1_226' title='bbox 1181 2707 1348 2761; x_wconf 87' lang='lat' dir='ltr'>accusetur.</span> <span class='ocrx_word' id='word_1_227' title='bbox 1365 2697 1454 2761; x_wconf 87' lang='lat' dir='ltr'>Idem</span> 
     </span>
     <span class='ocr_line' id='line_1_26' title="bbox 280 2795 1461 2876; baseline -0.001 -18"><span class='ocrx_word' id='word_1_228' title='bbox 280 2798 437 2861; x_wconf 87' lang='lat' dir='ltr'>dicendum</span> <span class='ocrx_word' id='word_1_229' title='bbox 457 2807 503 2861; x_wconf 92' lang='lat' dir='ltr'>est</span> <span class='ocrx_word' id='word_1_230' title='bbox 523 2798 560 2861; x_wconf 92' lang='lat' dir='ltr'>de</span> <span class='ocrx_word' id='word_1_231' title='bbox 581 2805 659 2861; x_wconf 91' lang='lat' dir='ltr'>metu</span> <span class='ocrx_word' id='word_1_232' title='bbox 675 2814 844 2876; x_wconf 90' lang='lat' dir='ltr'>poenarum.</span> <span class='ocrx_word' id='word_1_233' title='bbox 862 2795 939 2860; x_wconf 89' lang='lat' dir='ltr'>Nam</span> <span class='ocrx_word' id='word_1_234' title='bbox 955 2799 1067 2859; x_wconf 89' lang='lat' dir='ltr'>sanctio</span> <span class='ocrx_word' id='word_1_235' title='bbox 1083 2797 1209 2874; x_wconf 90' lang='lat' dir='ltr'>poenalis</span> <span class='ocrx_word' id='word_1_236' title='bbox 1223 2797 1290 2860; x_wconf 94' lang='lat' dir='ltr'>ideo</span> <span class='ocrx_word' id='word_1_237' title='bbox 1303 2797 1363 2875; x_wconf 79' lang='lat' dir='ltr'>legi</span> <span class='ocrx_word' id='word_1_238' title='bbox 1381 2812 1461 2859; x_wconf 91' lang='lat' dir='ltr'>con-</span> 
     </span>
     <span class='ocr_line' id='line_1_27' title="bbox 279 2894 1454 2974; baseline 0.001 -18"><span class='ocrx_word' id='word_1_239' title='bbox 279 2895 420 2973; x_wconf 82' lang='lat' dir='ltr'>iungitur,</span> <span class='ocrx_word' id='word_1_240' title='bbox 443 2904 475 2957; x_wconf 92' lang='lat' dir='ltr'>nt</span> <span class='ocrx_word' id='word_1_241' title='bbox 496 2897 526 2969; x_wconf 86' lang='lat' dir='ltr'>ii,</span> <span class='ocrx_word' id='word_1_242' title='bbox 546 2896 656 2974; x_wconf 90' lang='lat' dir='ltr'>quibus</span> <span class='ocrx_word' id='word_1_243' title='bbox 675 2896 723 2959; x_wconf 91' lang='lat' dir='ltr'>lex</span> <span class='ocrx_word' id='word_1_244' title='bbox 743 2896 847 2970; x_wconf 83' lang='lat' dir='ltr'>fertur,</span> <span class='ocrx_word' id='word_1_245' title='bbox 868 2914 885 2957; x_wconf 89' lang='lat' dir='ltr'>a</span> <span class='ocrx_word' id='word_1_246' title='bbox 907 2895 1136 2973; x_wconf 79' lang='lat' dir='ltr'>transgressione</span> <span class='ocrx_word' id='word_1_247' title='bbox 1160 2896 1373 2958; x_wconf 87' lang='lat' dir='ltr'>deterreantur.</span> <span class='ocrx_word' id='word_1_248' title='bbox 1390 2894 1454 2969; x_wconf 85' lang='lat' dir='ltr'>Qui</span> 
     </span>
     <span class='ocr_line' id='line_1_28' title="bbox 280 2992 1456 3071; baseline 0.004 -20"><span class='ocrx_word' id='word_1_249' title='bbox 280 2992 371 3069; x_wconf 85' lang='lat' dir='ltr'>igitur</span> <span class='ocrx_word' id='word_1_250' title='bbox 391 3008 426 3053; x_wconf 95' lang='lat' dir='ltr'>ne</span> <span class='ocrx_word' id='word_1_251' title='bbox 449 3008 568 3069; x_wconf 91' lang='lat' dir='ltr'>poenam</span> <span class='ocrx_word' id='word_1_252' title='bbox 589 2993 731 3067; x_wconf 87' lang='lat' dir='ltr'>incurrat,</span> <span class='ocrx_word' id='word_1_253' title='bbox 746 2994 890 3071; x_wconf 75' lang='lat' dir='ltr'>flagitium</span> <span class='ocrx_word' id='word_1_254' title='bbox 906 2993 980 3055; x_wconf 88' lang='lat' dir='ltr'>vitat</span> <span class='ocrx_word' id='word_1_255' title='bbox 994 2993 1032 3054; x_wconf 90' lang='lat' dir='ltr'>ab</span> <span class='ocrx_word' id='word_1_256' title='bbox 1046 3008 1138 3068; x_wconf 92' lang='lat' dir='ltr'>eoque</span> <span class='ocrx_word' id='word_1_257' title='bbox 1152 2994 1293 3056; x_wconf 80' lang='lat' dir='ltr'>allectum</span> <span class='ocrx_word' id='word_1_258' title='bbox 1308 2994 1456 3066; x_wconf 79' lang='lat' dir='ltr'>retrahit,</span> 
     </span>
     <span class='ocr_line' id='line_1_29' title="bbox 281 3086 1458 3169; baseline 0.003 -20"><span class='ocrx_word' id='word_1_259' title='bbox 281 3091 307 3150; x_wconf 90' lang='lat' dir='ltr'>is</span> <span class='ocrx_word' id='word_1_260' title='bbox 326 3091 455 3166; x_wconf 87' lang='lat' dir='ltr'>proiecto</span> <span class='ocrx_word' id='word_1_261' title='bbox 476 3092 558 3153; x_wconf 89' lang='lat' dir='ltr'>iuxta</span> <span class='ocrx_word' id='word_1_262' title='bbox 581 3100 706 3152; x_wconf 89' lang='lat' dir='ltr'>mentem</span> <span class='ocrx_word' id='word_1_263' title='bbox 726 3089 905 3167; x_wconf 78' lang='lat' dir='ltr'>legislatoris</span> <span class='ocrx_word' id='word_1_264' title='bbox 919 3097 1066 3167; x_wconf 91' lang='lat' dir='ltr'>operatur.</span> <span class='ocrx_word' id='word_1_265' title='bbox 1082 3086 1193 3168; x_wconf 88' lang='lat' dir='ltr'>Nequit</span> <span class='ocrx_word' id='word_1_266' title='bbox 1207 3106 1278 3169; x_wconf 83' lang='lat' dir='ltr'>ergo</span> <span class='ocrx_word' id='word_1_267' title='bbox 1299 3090 1458 3153; x_wconf 89' lang='lat' dir='ltr'>inordina·</span> 
     </span>
    </p>
   </div>
   <div class='ocr_carea' id='block_1_3' title="bbox 279 3170 1459 3753">
    <p class='ocr_par' dir='ltr' id='par_1_5' title="bbox 279 3170 1459 3753">
     <span class='ocr_line' id='line_1_30' title="bbox 281 3170 1456 3266; baseline 0.002 -17"><span class='ocrx_word' id='word_1_268' title='bbox 281 3187 368 3249; x_wconf 90' lang='lat' dir='ltr'>tionis</span> <span class='ocrx_word' id='word_1_269' title='bbox 395 3189 490 3265; x_wconf 80' lang='lat' dir='ltr'>argui,</span> <span class='ocrx_word' id='word_1_270' title='bbox 518 3188 589 3265; x_wconf 93' lang='lat' dir='ltr'>quin</span> <span class='ocrx_word' id='word_1_271' title='bbox 610 3170 645 3249; x_wconf 79' lang='lat' dir='ltr'>¹id</span> <span class='ocrx_word' id='word_1_272' title='bbox 666 3187 724 3264; x_wconf 92' lang='lat' dir='ltr'>ipsi</span> <span class='ocrx_word' id='word_1_273' title='bbox 743 3187 904 3265; x_wconf 83' lang='lat' dir='ltr'>legislatori</span> <span class='ocrx_word' id='word_1_274' title='bbox 929 3194 1062 3249; x_wconf 88' lang='lat' dir='ltr'>vertatur</span> <span class='ocrx_word' id='word_1_275' title='bbox 1083 3187 1164 3249; x_wconf 87' lang='lat' dir='ltr'>vitio.</span> <span class='ocrx_word' id='word_1_276' title='bbox 1186 3184 1315 3250; x_wconf 85' lang='lat' dir='ltr'>Videant</span> <span class='ocrx_word' id='word_1_277' title='bbox 1337 3188 1456 3266; x_wconf 79' lang='lat' dir='ltr'>itaque,</span> 
     </span>
     <span class='ocr_line' id='line_1_31' title="bbox 279 3282 1311 3363; baseline 0.001 -17"><span class='ocrx_word' id='word_1_278' title='bbox 279 3286 330 3363; x_wconf 93' lang='lat' dir='ltr'>qui</span> <span class='ocrx_word' id='word_1_279' title='bbox 351 3299 436 3347; x_wconf 87' lang='lat' dir='ltr'>secus</span> <span class='ocrx_word' id='word_1_280' title='bbox 457 3292 571 3363; x_wconf 90' lang='lat' dir='ltr'>putant,</span> <span class='ocrx_word' id='word_1_281' title='bbox 591 3286 621 3346; x_wconf 93' lang='lat' dir='ltr'>in</span> <span class='ocrx_word' id='word_1_282' title='bbox 641 3302 715 3363; x_wconf 92' lang='lat' dir='ltr'>quas</span> <span class='ocrx_word' id='word_1_283' title='bbox 736 3285 886 3362; x_wconf 80' lang='lat' dir='ltr'>angustias</span> <span class='ocrx_word' id='word_1_284' title='bbox 908 3282 1107 3346; x_wconf 86' lang='lat' dir='ltr'>ratiocinando</span> <span class='ocrx_word' id='word_1_285' title='bbox 1129 3300 1160 3345; x_wconf 93' lang='lat' dir='ltr'>se</span> <span class='ocrx_word' id='word_1_286' title='bbox 1181 3284 1311 3362; x_wconf 78' lang='lat' dir='ltr'>adigant.</span> 
     </span>
     <span class='ocr_line' id='line_1_32' title="bbox 313 3380 1457 3460; baseline 0.003 -16"><span class='ocrx_word' id='word_1_287' title='bbox 313 3380 481 3455; x_wconf 75' lang='lat' dir='ltr'>Postremo,</span> <span class='ocrx_word' id='word_1_288' title='bbox 502 3397 565 3446; x_wconf 89' lang='lat' dir='ltr'>rem</span> <span class='ocrx_word' id='word_1_289' title='bbox 585 3384 715 3445; x_wconf 86' lang='lat' dir='ltr'>aversari</span> <span class='ocrx_word' id='word_1_290' title='bbox 733 3389 881 3460; x_wconf 87' lang='lat' dir='ltr'>qnatenus</span> <span class='ocrx_word' id='word_1_291' title='bbox 902 3381 979 3443; x_wconf 92' lang='lat' dir='ltr'>mala</span> <span class='ocrx_word' id='word_1_292' title='bbox 1003 3391 1057 3454; x_wconf 81' lang='lat' dir='ltr'>est,</span> <span class='ocrx_word' id='word_1_293' title='bbox 1071 3382 1153 3443; x_wconf 90' lang='lat' dir='ltr'>iuxta</span> <span class='ocrx_word' id='word_1_294' title='bbox 1168 3382 1300 3446; x_wconf 91' lang='lat' dir='ltr'>ordinem</span> <span class='ocrx_word' id='word_1_295' title='bbox 1316 3383 1457 3460; x_wconf 86' lang='lat' dir='ltr'>prolecto</span> 
     </span>
     <span class='ocr_line' id='line_1_33' title="bbox 280 3478 1459 3559; baseline 0.001 -17"><span class='ocrx_word' id='word_1_296' title='bbox 280 3488 333 3543; x_wconf 89' lang='lat' dir='ltr'>est.</span> <span class='ocrx_word' id='word_1_297' title='bbox 349 3480 442 3559; x_wconf 85' lang='lat' dir='ltr'>Atqui</span> <span class='ocrx_word' id='word_1_298' title='bbox 463 3482 493 3540; x_wconf 93' lang='lat' dir='ltr'>in</span> <span class='ocrx_word' id='word_1_299' title='bbox 514 3480 660 3557; x_wconf 79' lang='lat' dir='ltr'>flagitioso</span> <span class='ocrx_word' id='word_1_300' title='bbox 681 3494 767 3557; x_wconf 92' lang='lat' dir='ltr'>opere</span> <span class='ocrx_word' id='word_1_301' title='bbox 788 3494 892 3556; x_wconf 91' lang='lat' dir='ltr'>reapse</span> <span class='ocrx_word' id='word_1_302' title='bbox 906 3480 979 3541; x_wconf 87' lang='lat' dir='ltr'>inest</span> <span class='ocrx_word' id='word_1_303' title='bbox 994 3478 1125 3541; x_wconf 87' lang='lat' dir='ltr'>debitum</span> <span class='ocrx_word' id='word_1_304' title='bbox 1141 3479 1312 3547; x_wconf 88' lang='lat' dir='ltr'>subeundae</span> <span class='ocrx_word' id='word_1_305' title='bbox 1328 3494 1459 3559; x_wconf 77' lang='lat' dir='ltr'>poenae,</span> 
     </span>
     <span class='ocr_line' id='line_1_34' title="bbox 279 3575 1457 3657; baseline 0.001 -18"><span class='ocrx_word' id='word_1_306' title='bbox 279 3580 308 3641; x_wconf 91' lang='lat' dir='ltr'>in</span> <span class='ocrx_word' id='word_1_307' title='bbox 328 3594 388 3657; x_wconf 94' lang='lat' dir='ltr'>quo</span> <span class='ocrx_word' id='word_1_308' title='bbox 408 3576 519 3639; x_wconf 86' lang='lat' dir='ltr'>malum</span> <span class='ocrx_word' id='word_1_309' title='bbox 542 3577 642 3655; x_wconf 89' lang='lat' dir='ltr'>procul</span> <span class='ocrx_word' id='word_1_310' title='bbox 663 3577 752 3640; x_wconf 93' lang='lat' dir='ltr'>dubio</span> <span class='ocrx_word' id='word_1_311' title='bbox 773 3578 910 3639; x_wconf 89' lang='lat' dir='ltr'>cernitur.</span> <span class='ocrx_word' id='word_1_312' title='bbox 925 3575 1004 3655; x_wconf 82' lang='lat' dir='ltr'>Ergo</span> <span class='ocrx_word' id='word_1_313' title='bbox 1025 3575 1129 3637; x_wconf 91' lang='lat' dir='ltr'>exinde</span> <span class='ocrx_word' id='word_1_314' title='bbox 1149 3578 1261 3639; x_wconf 90' lang='lat' dir='ltr'>moveri</span> <span class='ocrx_word' id='word_1_315' title='bbox 1288 3577 1327 3639; x_wconf 87' lang='lat' dir='ltr'>ad</span> <span class='ocrx_word' id='word_1_316' title='bbox 1348 3578 1457 3655; x_wconf 91' lang='lat' dir='ltr'>ipsum</span> 
     </span>
     <span class='ocr_line' id='line_1_35' title="bbox 280 3674 1456 3753; baseline 0.001 -15"><span class='ocrx_word' id='word_1_317' title='bbox 280 3691 353 3753; x_wconf 94' lang='lat' dir='ltr'>opus</span> <span class='ocrx_word' id='word_1_318' title='bbox 373 3675 439 3739; x_wconf 94' lang='lat' dir='ltr'>odio</span> <span class='ocrx_word' id='word_1_319' title='bbox 459 3675 636 3748; x_wconf 88' lang='lat' dir='ltr'>babendum,</span> <span class='ocrx_word' id='word_1_320' title='bbox 656 3675 738 3737; x_wconf 87' lang='lat' dir='ltr'>iuxta</span> <span class='ocrx_word' id='word_1_321' title='bbox 759 3675 890 3738; x_wconf 91' lang='lat' dir='ltr'>ordinem</span> <span class='ocrx_word' id='word_1_322' title='bbox 911 3674 1033 3737; x_wconf 89' lang='lat' dir='ltr'>rationis</span> <span class='ocrx_word' id='word_1_323' title='bbox 1054 3682 1114 3749; x_wconf 80' lang='lat' dir='ltr'>est3</span> <span class='ocrx_word' id='word_1_324' title='bbox 1135 3674 1206 3737; x_wconf 89' lang='lat' dir='ltr'>licet</span> <span class='ocrx_word' id='word_1_325' title='bbox 1227 3675 1313 3753; x_wconf 84' lang='lat' dir='ltr'>longe</span> <span class='ocrx_word' id='word_1_326' title='bbox 1340 3674 1456 3738; x_wconf 91' lang='lat' dir='ltr'>melius</span> 
     </span>
    </p>
   </div>
   <div class='ocr_carea' id='block_1_4' title="bbox 281 3774 1462 4145">
    <p class='ocr_par' dir='ltr' id='par_1_6' title="bbox 281 3774 1456 4044">
     <span class='ocr_line' id='line_1_36' title="bbox 281 3774 1456 3852; baseline 0.007 -19"><span class='ocrx_word' id='word_1_327' title='bbox 281 3774 320 3835; x_wconf 90' lang='lat' dir='ltr'>sit</span> <span class='ocrx_word' id='word_1_328' title='bbox 346 3792 382 3838; x_wconf 93' lang='lat' dir='ltr'>ex</span> <span class='ocrx_word' id='word_1_329' title='bbox 408 3775 522 3837; x_wconf 90' lang='lat' dir='ltr'>interna</span> <span class='ocrx_word' id='word_1_330' title='bbox 549 3774 656 3838; x_wconf 90' lang='lat' dir='ltr'>obiecti</span> <span class='ocrx_word' id='word_1_331' title='bbox 689 3775 878 3852; x_wconf 80' lang='lat' dir='ltr'>turpitudine,</span> <span class='ocrx_word' id='word_1_332' title='bbox 910 3774 1070 3838; x_wconf 85' lang='lat' dir='ltr'>ueletiam</span> <span class='ocrx_word' id='word_1_333' title='bbox 1100 3774 1241 3837; x_wconf 90' lang='lat' dir='ltr'>nobiliore</span> <span class='ocrx_word' id='word_1_334' title='bbox 1269 3777 1383 3839; x_wconf 89' lang='lat' dir='ltr'>motivo</span> <span class='ocrx_word' id='word_1_335' title='bbox 1414 3778 1456 3841; x_wconf 90' lang='lat' dir='ltr'>ad</span> 
     </span>
     <span class='ocr_line' id='line_1_37' title="bbox 281 3870 1456 3951; baseline 0.005 -20"><span class='ocrx_word' id='word_1_336' title='bbox 281 3871 376 3933; x_wconf 90' lang='lat' dir='ltr'>scelus</span> <span class='ocrx_word' id='word_1_337' title='bbox 394 3873 564 3951; x_wconf 81' lang='lat' dir='ltr'>fugiendum</span> <span class='ocrx_word' id='word_1_338' title='bbox 586 3871 692 3933; x_wconf 90' lang='lat' dir='ltr'>induci.</span> <span class='ocrx_word' id='word_1_339' title='bbox 714 3870 756 3933; x_wconf 87' lang='lat' dir='ltr'>At</span> <span class='ocrx_word' id='word_1_340' title='bbox 776 3871 856 3932; x_wconf 91' lang='lat' dir='ltr'>aliud</span> <span class='ocrx_word' id='word_1_341' title='bbox 882 3879 927 3932; x_wconf 93' lang='lat' dir='ltr'>est</span> <span class='ocrx_word' id='word_1_342' title='bbox 952 3871 1058 3933; x_wconf 89' lang='lat' dir='ltr'>minori</span> <span class='ocrx_word' id='word_1_343' title='bbox 1080 3872 1208 3933; x_wconf 87' lang='lat' dir='ltr'>bonitate</span> <span class='ocrx_word' id='word_1_344' title='bbox 1229 3873 1344 3946; x_wconf 80' lang='lat' dir='ltr'>donari,</span> <span class='ocrx_word' id='word_1_345' title='bbox 1366 3872 1456 3937; x_wconf 91' lang='lat' dir='ltr'>aliud</span> 
     </span>
     <span class='ocr_line' id='line_1_38' title="bbox 281 3966 1197 4044; baseline 0.002 -17"><span class='ocrx_word' id='word_1_346' title='bbox 281 3982 349 4029; x_wconf 89' lang='lat' dir='ltr'>vero</span> <span class='ocrx_word' id='word_1_347' title='bbox 369 3968 479 4031; x_wconf 91' lang='lat' dir='ltr'>nullam</span> <span class='ocrx_word' id='word_1_348' title='bbox 500 3972 645 4032; x_wconf 87' lang='lat' dir='ltr'>continere</span> <span class='ocrx_word' id='word_1_349' title='bbox 666 3970 826 4030; x_wconf 89' lang='lat' dir='ltr'>autetiam</span> <span class='ocrx_word' id='word_1_350' title='bbox 847 3977 914 4031; x_wconf 92' lang='lat' dir='ltr'>nota</span> <span class='ocrx_word' id='word_1_351' title='bbox 936 3966 1197 4044; x_wconf 85' lang='lat' dir='ltr'>pravitatis&#39;inuri.</span> 
     </span>
    </p>

    <p class='ocr_par' dir='ltr' id='par_1_7' title="bbox 323 4060 1462 4145">
     <span class='ocr_line' id='line_1_39' title="bbox 323 4060 1462 4145; baseline 0.006 -20"><span class='ocrx_word' id='word_1_352' title='bbox 323 4060 443 4137; x_wconf 80' lang='lat' dir='ltr'>Verum,</span> <span class='ocrx_word' id='word_1_353' title='bbox 463 4075 497 4127; x_wconf 91' lang='lat' dir='ltr'>ut</span> <span class='ocrx_word' id='word_1_354' title='bbox 524 4068 594 4145; x_wconf 79' lang='lat' dir='ltr'>dixi,</span> <span class='ocrx_word' id='word_1_355' title='bbox 624 4066 649 4127; x_wconf 90' lang='lat' dir='ltr'>si</span> <span class='ocrx_word' id='word_1_356' title='bbox 677 4064 842 4128; x_wconf 86' lang='lat' dir='ltr'>Kantianae</span> <span class='ocrx_word' id='word_1_357' title='bbox 869 4064 997 4141; x_wconf 90' lang='lat' dir='ltr'>opinioni</span> <span class='ocrx_word' id='word_1_358' title='bbox 1025 4065 1109 4126; x_wconf 88' lang='lat' dir='ltr'>iuous</span> <span class='ocrx_word' id='word_1_359' title='bbox 1137 4065 1232 4127; x_wconf 89' lang='lat' dir='ltr'>omnis</span> <span class='ocrx_word' id='word_1_360' title='bbox 1260 4067 1462 4142; x_wconf 75' lang='lat' dir='ltr'>detrabatur,</span> 
     </span>
    </p>
   </div>
   <div class='ocr_carea' id='block_1_5' title="bbox 175 4148 1455 4242">
    <p class='ocr_par' dir='ltr' id='par_1_8' title="bbox 175 4148 1455 4242">
     <span class='ocr_line' id='line_1_40' title="bbox 175 4148 1455 4242; baseline 0.003 -19"><span class='ocrx_word' id='word_1_361' title='bbox 175 4148 177 4151; x_wconf 35' lang='lat'>⁵</span> <span class='ocrx_word' id='word_1_362' title='bbox 280 4162 395 4224; x_wconf 88' lang='lat' dir='ltr'>abiecta</span> <span class='ocrx_word' id='word_1_363' title='bbox 416 4162 513 4238; x_wconf 90' lang='lat' dir='ltr'>potius</span> <span class='ocrx_word' id='word_1_364' title='bbox 534 4173 563 4224; x_wconf 89' lang='lat' dir='ltr'>et</span> <span class='ocrx_word' id='word_1_365' title='bbox 583 4163 649 4225; x_wconf 84' lang='lat' dir='ltr'>vilis</span> <span class='ocrx_word' id='word_1_366' title='bbox 669 4162 832 4239; x_wconf 86' lang='lat' dir='ltr'>apparebit.</span> <span class='ocrx_word' id='word_1_367' title='bbox 847 4158 925 4223; x_wconf 91' lang='lat' dir='ltr'>Nam</span> <span class='ocrx_word' id='word_1_368' title='bbox 940 4157 1020 4221; x_wconf 82' lang='lat' dir='ltr'>Kant</span> <span class='ocrx_word' id='word_1_369' title='bbox 1035 4161 1216 4224; x_wconf 90' lang='lat' dir='ltr'>voluntatem</span> <span class='ocrx_word' id='word_1_370' title='bbox 1231 4166 1455 4242; x_wconf 73' lang='lat' dir='ltr'>oumuomum,</span> 
     </span>
    </p>
   </div>
   <div class='ocr_carea' id='block_1_6' title="bbox 281 4253 1456 4339">
    <p class='ocr_par' dir='ltr' id='par_1_9' title="bbox 281 4253 1456 4339">
     <span class='ocr_line' id='line_1_41' title="bbox 281 4253 1456 4339; baseline 0.007 -19"><span class='ocrx_word' id='word_1_371' title='bbox 281 4275 331 4321; x_wconf 92' lang='lat' dir='ltr'>seu</span> <span class='ocrx_word' id='word_1_372' title='bbox 355 4258 556 4335; x_wconf 91' lang='lat' dir='ltr'>suimetipsius</span> <span class='ocrx_word' id='word_1_373' title='bbox 578 4257 796 4337; x_wconf 82' lang='lat' dir='ltr'>legislatrioem,</span> <span class='ocrx_word' id='word_1_374' title='bbox 816 4258 930 4320; x_wconf 89' lang='lat' dir='ltr'>statuit.</span> <span class='ocrx_word' id='word_1_375' title='bbox 944 4253 1028 4319; x_wconf 90' lang='lat' dir='ltr'>Unde</span> <span class='ocrx_word' id='word_1_376' title='bbox 1050 4258 1143 4336; x_wconf 82' lang='lat' dir='ltr'>legem</span> <span class='ocrx_word' id='word_1_377' title='bbox 1166 4258 1212 4320; x_wconf 84' lang='lat' dir='ltr'>uel</span> <span class='ocrx_word' id='word_1_378' title='bbox 1225 4276 1293 4323; x_wconf 90' lang='lat' dir='ltr'>oum</span> <span class='ocrx_word' id='word_1_379' title='bbox 1309 4262 1377 4339; x_wconf 89' lang='lat' dir='ltr'>ipsa</span> <span class='ocrx_word' id='word_1_380' title='bbox 1397 4280 1456 4327; x_wconf 81' lang='lat' dir='ltr'>tro·</span> 
     </span>
    </p>
   </div>
   <div class='ocr_carea' id='block_1_7' title="bbox 0 0 1586 4934">
    <p class='ocr_par' dir='ltr' id='par_1_10' title="bbox 0 0 1586 4934">
     <span class='ocr_line' id='line_1_42' title="bbox 0 0 1586 4934; baseline 0 0"><span class='ocrx_word' id='word_1_381' title='bbox 0 0 1586 4934; x_wconf 95' lang='lat' dir='ltr'> </span> 
     </span>
    </p>
   </div>
  </div>
 </body>
</html>
