3159 4934
413 379 499 423 CAPUT
517 379 543 421 ll.
563 380 597 422 DE
614 377 754 422 sodlmnrc
772 379 851 422 dlvrct

46 495 149 557 ordine
172 495 367 573 pertruantur,
389 493 433 556 sic
458 492 588 571 poscitur
611 491 795 570 principium,
820 492 898 570 quod
917 508 1022 572 pacem
1049 491 1141 569 illam,
1164 509 1220 556 seu

45 607 221 656 consensum
236 591 418 654 voluntatum
434 599 463 652 et
478 591 678 668 operationum
694 590 805 669 gignat.
816 587 895 670 [lngo
909 591 983 654 haec
1000 590 1058 655 duo
1073 591 1219 655 elementa

44 688 241 752 essentialiter
262 688 300 750 ad
321 688 490 752 societatem
513 688 667 766 pertinent,
686 695 717 750 et
736 686 799 750 sine
819 687 892 765 ipsis
916 688 1042 752 societas
1065 704 1101 752 ne
1120 697 1220 752 mente

44 787 167 867 quidem
189 786 303 864 concipi
325 793 428 864 potest.
444 785 576 850 lamvero
591 793 700 864 partes,
721 801 797 864 quae
817 786 848 847 in
862 786 1003 849 societate
1019 787 1170 860 uniuntur,
1189 795 1220 849 et

45 900 189 962 personae
209 885 318 962 quibus
339 891 442 947 coetus
464 883 526 947 eius
547 883 695 958 coalescit,
710 881 895 962 appellantur
907 882 1093 960 multitudo;
1110 884 1221 962 priuci-

44 982 139 1060 pium,
160 981 282 1062 gignens
304 982 448 1044 unitatem
473 981 503 1042 in
523 996 558 1044 eo
579 996 709 1059 corpore,
730 989 760 1043 et
780 997 943 1061 procurans
963 982 1095 1044 ordinem
1117 983 1148 1044 in
1169 981 1220 1044 illo

45 1089 144 1155 coetu,
158 1080 323 1160 appellatur
344 1078 526 1142 auctoritas.
549 1075 707 1142 Multitudo
729 1079 821 1158 igitur
840 1087 871 1141 et
891 1080 1055 1143 auctoritas
1076 1079 1219 1144 elementa

46 1185 118 1242 sunt
138 1179 317 1254 essentialia,
336 1195 374 1242 ex
394 1179 504 1258 quibus
526 1178 675 1242 societatis
695 1186 801 1241 natura
825 1177 984 1258 consurgit.
1007 1177 1165 1241 Multitudo
1187 1195 1220 1242 se

45 1277 139 1340 habet
158 1277 251 1340 instar
271 1277 429 1352 materiae3
450 1279 612 1341 auctoritas
631 1278 726 1340 instar
746 1278 866 1341 formae
1136 1292 1138 1296 ’

87 1373 129 1439 Ut
148 1376 274 1454 quisque
296 1359 382 1438 facile
405 1376 555 1454 perspicit,
576 1377 738 1440 auctoritas
759 1376 882 1472 circlis
874 1395 904 1439 ιιι
929 1378 993 1464 iure
1015 1375 1153 1442 consistit
1173 1390 1220 1439 or·

44 1473 167 1536 diuandi
192 1474 410 1537 multitudinem
412 1474 534 1553 ,quoad
555 1453 658 1539 finem
659 1459 802 1538 ciuitatis
795 1454 1052 1554 assequendum
1076 1475 1220 1565 subiectio

44 1571 174 1635 civilis
166 1590 195 1635 ιιι
218 1572 381 1635 obedientia
402 1581 430 1636 ct
446 1574 551 1649 officio
552 1575 712 1654 reponitur
733 1574 873 1654 sequendi
893 1573 1052 1654 impulsum
1067 1575 1105 1638 ab
1119 1584 1221 1638 auoto-

44 1672 136 1734 ritate
157 1657 373 1750 procedentem,
395 1687 448 1748 pro
469 1672 536 1734 linis
556 1672 717 1750 adeptione.

89 1767 168 1833 Hinc
192 1769 336 1848 sequitur,
353 1770 561 1852 auctoritatem
576 1771 775 1849 maximopere
789 1770 907 1834 differre
921 1788 938 1832 a
953 1771 1089 1845 dominio,
1101 1777 1133 1832 et
1151 1771 1222 1832 suh-

47 1869 207 1932 iectionem
230 1868 347 1931 civilem
368 1886 386 1930 a
408 1870 557 1934 servitute.
580 1867 656 1932 Nam
684 1869 859 1944 dominium,
880 1877 913 1933 ut
932 1861 1221 1948 aliasdiotum‘dst,

44 1967 76 2030 in
98 1967 243 2031 facultate
264 1966 404 2030 consistit
424 1966 597 2046 disponendi
619 1983 672 2045 pro
685 1967 770 2031 libito
791 1969 828 2032 de
848 1985 879 2032 re
899 1969 998 2048 aliqua
1018 1970 1057 2032 ad
1073 1971 1221 2048 propriam

46 2064 219 2128 utilitatem.
236 2063 334 2139 Quare
349 2065 414 2128 eins
429 2067 616 2128 characteres
636 2081 691 2128 uon
714 2066 801 2130 modo
821 2067 999 2145 discrepant,
1013 2083 1115 2130 verum
1130 2068 1220 2130 etiam

48 2162 261 2226 contradicunt
272 2164 389 2226 omuino
406 2164 483 2226 notis
497 2164 606 2243 quibus
619 2172 736 2227 constat
747 2166 916 2229 auctoritas.
911 2145 1048 2230 “h‘tsane
1059 2167 1220 2228 dominium

19 2311 22 2316 .
47 2269 189 2323 versatur
211 2263 290 2324 circa
306 2276 365 2360 res,
379 2275 436 2324 non
451 2261 530 2324 circa
549 2277 702 2338 personam
716 2263 781 2325 eius
795 2280 869 2325 usus
891 2263 1058 2342 procedite
1075 2264 1221 2341 libertate,

46 2375 106 2424 non
128 2360 167 2422 ab
181 2354 305 2444 oliici03
312 2353 376 2422 eius
396 2360 463 2422 linis
477 2370 520 2423 est
543 2361 656 2440 utilitas
678 2375 733 2422 non
754 2360 891 2436 aliorum,
906 2362 956 2424 sed
979 2362 1097 2424 domiui.
1114 2358 1221 2424 Contra

45 2458 213 2520 auctoritas
235 2437 346 2520 directe
368 2466 506 2536 operatur
528 2459 607 2522 circa
628 2473 785 2539 personas,
806 2460 870 2522 eius
889 2460 1060 2524 exercitium
1075 2476 1092 2522 a
1108 2459 1221 2523 ratione

46 2557 247 2634 praecipitum
261 2571 318 2620 uon
337 2564 453 2635 spectat
475 2557 584 2620 honum
606 2557 778 2635 superioris,
793 2557 844 2620 sed
858 2551 966 2620 honum
982 2559 1072 2620 totius
1089 2572 1222 2621 commu·

45 2639 165 2717 nitatis.
166 2653 309 2734 lamque
330 2670 445 2729 servus,
467 2657 496 2717 in
517 2663 661 2735 quantum
682 2655 837 2730 eiusmodi,
851 2666 1040 2734 comparatur
1061 2657 1148 2719 rebus
1163 2655 1221 2736 (l);

45 2751 185 2816 absolute
206 2753 313 2831 pendet
333 2756 371 2816 ab
383 2749 540 2817 arbitratu
562 2753 686 2829 domini;
707 2755 821 2818 actione
842 2771 898 2817 sua
912 2771 968 2818 nou
985 2755 1148 2833 proprium,
1168 2753 1221 2817 sed

46 2851 161 2916 domini
175 2837 413 2915 emolumentum
434 2853 568 2915 intendit.
573 2837 634 2916 Nil
657 2853 714 2916 tale
735 2853 845 2917 accidit
866 2853 996 2927 subdito,
1016 2853 1066 2932 qui
1087 2852 1177 2916 etiam
1191 2853 1222 2914 in

47 2957 195 3028 quantum
217 2959 263 3014 est
283 2951 434 3026 subditus,
455 2952 597 3014 rationem
620 2967 760 3030 personae
778 2954 884 3015 retinet
904 2967 939 3015 ac
959 2951 1086 3030 propriis
1107 2951 1223 3014 iuribus

45 3057 186 3122 ornatum
208 3049 247 3111 ad
268 3051 450 3128 operandum
468 3059 605 3116 movetur
625 3066 681 3113 non
696 3051 734 3113 ab
747 3051 880 3127 arbitrio,
901 3050 955 3113 sed
968 3049 1075 3132 alege,
1087 3065 1173 3128 qnae,
1189 3056 1222 3110 ut

45 3147 192 3225 diximus,
203 3157 248 3210 est
262 3148 407 3213 ordinatio
422 3149 560 3223 rationis3
573 3149 769 3228 operationem
783 3149 864 3228 ponit
874 3165 931 3212 non
942 3158 1060 3227 propter
1072 3149 1221 3227 privatum

45 3247 158 3310 bonum
181 3246 365 3324 imperantis,
387 3248 437 3310 sed
460 3255 580 3326 propter
601 3247 758 3310 utilitatem
781 3262 965 3310 communem
982 3249 1073 3311 totius
1087 3245 1221 3323 corporis

47 3343 180 3419 socialis,
208 3345 294 3408 cuins
313 3345 375 3423 ipse
396 3352 443 3407 est
474 3361 550 3424 pars.
573 3343 757 3424 Quapropter
778 3345 820 3408 ita
846 3346 970 3424 imperio
997 3344 1162 3421 subiicitur,
1187 3350 1220 3404 ut

48 3443 232 3506 subiectione
254 3459 307 3505 sua
322 3459 378 3506 non
393 3443 490 3517 alteri,
505 3445 557 3507 sed
573 3445 628 3507 sibi
643 3444 771 3518 serviat3
786 3446 841 3506 etsi
862 3459 919 3506 non
931 3457 1062 3506 seorsum
1077 3442 1220 3518 inspecto,

47 3539 102 3602 sed
123 3548 267 3619 quatenus
287 3540 434 3604 iunctione
455 3557 523 3604 cum
544 3541 611 3604 aliis
633 3541 803 3605 societatem
824 3542 967 3604 edormat

92 3633 157 3712 Qua
176 3638 205 3700 in
224 3653 256 3701 re
275 3639 435 3700 notandum
451 3647 505 3718 est,
521 3641 627 3702 honum
645 3655 799 3703 commune
813 3655 869 3702 nou
883 3653 949 3701 esse
963 3636 1040 3700 idem
1054 3653 1089 3699 ac
1111 3636 1220 3698 bonum

47 3735 171 3798 maioris
191 3737 293 3815 partis,
308 3737 359 3798 sed
379 3751 444 3799 esse
467 3738 575 3801 honum
596 3739 687 3800 totius
709 3736 936 3810 communitatis,
950 3735 1029 3814 quod
1044 3733 1088 3797 vel
1110 3734 1221 3795 directe

47 3833 97 3898 vel
112 3831 252 3898 indirecte
265 3837 296 3897 in
310 3834 467 3898 utilitatem
482 3835 612 3899 omnium
628 3836 775 3900 sociorum
789 3835 885 3910 cedat,
894 3840 925 3896 et
938 3848 998 3912 quo
1012 3845 1097 3893 nemo
1109 3830 1221 3908 privari

48 3937 159 4010 potest,
169 3932 226 3995 nisi
243 3933 273 3996 in
288 3949 409 4011 poenam
423 3933 531 4011 patrati
545 3933 690 3997 facinoris.
708 3933 806 4006 Quare
820 3930 969 3996 societatis
983 3929 1089 3992 uatur'a
1103 3929 1221 3992 omnino

100 4123 135 4186 (1)
151 4122 267 4172 Diximus
284 4123 315 4171 in
331 4131 466 4188 quantum
483 4121 621 4175 eiusmodi,
638 4121 705 4169 idest
720 4120 746 4168 in
762 4125 886 4182 quantum
903 4119 1005 4181 proprie
1024 4122 1064 4166 est
1083 4131 1179 4172 seruus,
1194 4122 1222 4163 et

48 4205 74 4252 iu
93 4189 243 4268 operatione
260 4203 447 4260 consideratur,
463 4215 540 4265 quam
556 4199 628 4248 alteri
644 4198 757 4248 collocat.
773 4197 839 4247 Nam
855 4199 877 4248 si
893 4197 1069 4248 consideretur
1084 4196 1168 4262 quoad
1180 4211 1221 4244 na·

47 4288 147 4342 turam,
156 4289 183 4332 et
194 4283 220 4331 in
232 4287 354 4347 qnantum
366 4287 407 4332 est
418 4281 503 4340 homo,
511 4277 636 4344 personali
649 4278 744 4340 gaudet
752 4277 886 4341 dignitate,
894 4292 944 4342 qua
956 4277 1004 4340 ipsi
1015 4278 1118 4328 domino
1128 4289 1220 4339 aequa·

48 4361 81 4412 lis
100 4369 148 4421 est,
162 4370 188 4412 et
204 4363 302 4413 iuribus
319 4362 454 4413 instruitur
469 4375 535 4426 quae
548 4375 568 4409 a
583 4359 682 4409 nemine
698 4357 786 4408 violari
803 4357 901 4408 debent.

113 4451 435 4504 Lranrtnrosn-Etlta'co
451 4460 475 4501 et
491 4451 674 4502 coenaturus.
1082 4445 1115 4496 16
