3159 4934
770 292 912 335 hauteu

686 515 1007 582 PROPOSITIONES.

303 690 351 755 77.
358 691 532 757 Paoaosrrm
545 691 586 755 1¹.
592 691 695 757 Ηοιιιο
705 693 748 756 ud
754 693 894 773 perfecto
906 693 1097 782 operandum
1112 695 1235 776 indipet
1247 695 1433 760 uirtutibus.

304 789 391 856 Proh.
407 790 449 856 Ut
469 793 558 856 humo
579 794 705 870 perlecto
725 809 756 854 se
776 792 884 854 haheat
904 802 1041 871 respectu
1060 795 1237 870 operationis
1257 803 1365 866 rectae,
1386 795 1433 855 ita

260 888 290 950 ιιι
305 905 339 952 se
362 889 474 968 disponi
497 890 592 962 dehet,
607 897 641 952 nt
660 889 741 951 illam
761 899 897 953 exerceat
916 898 1092 984 constanter,
1108 900 1242 969 prompto
1256 900 1286 952 et
1300 892 1433 954 delecta-

266 985 374 1072 hiliter.
390 985 454 1050 Hae
468 1003 536 1050 veru
553 987 746 1065 proprietatos
761 1005 817 1050 non
831 988 1006 1062 obtinentur,
1020 990 1077 1050 nisi
1069 978 1308 1067 permirtum,
1322 997 1354 1050 et
1399 1005 1434 1050 a·

264 1085 357 1158 bitus
372 1086 444 1148 bene
464 1085 619 1163 disponens
639 1087 677 1149 ad
697 1088 850 1151 honestam
870 1088 1075 1164 operationem,
1090 1086 1198 1148 dicitur
1220 1089 1326 1150 virtus
1346 1084 1431 1164 Ergo

266 1183 362 1244 virtus
376 1183 542 1245 necessaria
564 1182 675 1247 homini
688 1193 735 1246 est
750 1185 788 1246 ad
803 1184 928 1262 perlecto
941 1184 1130 1261 operandum.
1147 1184 1289 1261 Appusrte
1303 1182 1334 1246 S
1349 1181 1434 1246 l'ho-

261 1294 344 1340 mas:
363 1301 382 1336 e
396 1277 553 1343 Habitibus
573 1282 715 1343 virtutum
736 1282 774 1344 ad
795 1282 852 1344 tria
873 1282 1047 1358 indigemus.
1069 1279 1177 1354 Primo,
1200 1292 1232 1344 ut
1253 1283 1294 1343 sit
1315 1283 1430 1343 unitor-

262 1379 352 1439 mitas
364 1377 394 1439 in
409 1380 584 1457 operatione.
596 1377 639 1442 Ea
654 1380 742 1454 enim,
756 1396 832 1457 quae
848 1397 884 1441 ex
899 1380 961 1442 sola
974 1381 1142 1457 operatione
1156 1357 1436 1456 dependenffsacile

267 1457 541 1551 insufflandum
556 1478 718 1540 secundum
738 1477 866 1556 aliquam
888 1477 1103 1540 inclinationem
1119 1477 1298 1539 habitualem
1319 1477 1433 1539 luerint
1497 1555 1503 1563 ¹

268 1574 409 1638 stabilita.
422 1574 564 1650 Secundo,
575 1583 609 1638 ut
622 1576 752 1654 operatio
766 1576 936 1653 perlectam
951 1584 1087 1652 promptu
1102 1576 1254 1637 habeatur.
1266 1573 1333 1636 Nisi
1349 1577 1432 1637 enim

265 1675 393 1754 potentia
409 1674 559 1737 rationalis
573 1690 625 1751 per
645 1674 779 1736 habitum
795 1674 893 1752 aliquo
907 1653 1162 1734 modoiuelinetur
1176 1673 1214 1733 ad
1230 1689 1318 1733 unum
1322 1687 1433 1750 ,opor-

260 1770 335 1832 tebit
356 1786 481 1850 semper,
496 1787 563 1833 cum
585 1787 703 1858 neeesse
716 1771 805 1834 luerit
825 1770 949 1848 operari,
962 1770 1137 1847 praecedere
1157 1770 1378 1848 inquisitionem
1394 1771 1433 1831 de

261 1867 442 1943 operatioue;
466 1869 543 1929 Sicut
570 1877 652 1946 patet
672 1869 708 1929 de
735 1883 769 1930 ιο
789 1869 841 1946 qni
863 1871 925 1931 uult
945 1868 1140 1940 considerare,
1161 1869 1289 1929 nondum
1317 1869 1434 1937 hahens

266 1964 406 2026 scientiae
421 1965 566 2038 habitum,
579 1974 610 2027 et
629 1967 680 2042 qni
700 1966 763 2028 vult
778 1966 937 2028 meandum
952 1967 1089 2033 virtutem
1106 1966 1221 2043 operari
1243 1966 1348 2028 habitu
1371 1968 1435 2029 vir-

262 2060 336 2122 tutis
350 2077 462 2122 carens.
478 2058 560 2124 Unde
581 2060 779 2140 Philosophus
794 2063 865 2126 dicit
885 2063 915 2125 in
930 2061 958 2124 3.
973 2060 1147 2125 Ethicorum
1163 2063 1245 2142 quod
1264 2063 1434 2142 repentina

262 2162 339 2221 suut
352 2156 392 2220 ab
412 2155 529 2220 habitu.
545 2156 653 2232 Tertio,
669 2168 700 2221 ut
721 2160 931 2224 delectabiliter
944 2163 1072 2238 perlecta
1089 2163 1220 2237 operatio
1235 2161 1434 2238 compleatur,

260 2258 340 2334 quod
355 2259 474 2336 quidem
489 2260 523 2318 tlt
544 2273 595 2336 por
609 2259 752 2320 habitum.
768 2257 833 2331 Qui,
848 2261 971 2337 cum-sit
992 2274 1042 2336 per
1064 2259 1182 2321 modum
1205 2259 1363 2321 cuiusdam
1379 2277 1435 2322 na·

260 2364 355 2429 turae,
369 2357 565 2433 operationem
588 2357 645 2417 sihi
659 2357 808 2434 propriam
829 2357 915 2433 quasi
934 2356 1095 2419 naturalem
1116 2357 1223 2430 reddit,
1237 2365 1267 2418 et
1289 2373 1340 2432 per
1362 2373 1436 2420 con·

263 2469 388 2532 sequeus
408 2453 618 2517 delectabilem.
635 2451 711 2514 Nam
733 2454 931 2515 convenientia
946 2463 991 2516 est
1011 2454 1213 2516 delectationis
1228 2471 1329 2516 causa.
1346 2453 1435 2518 Unde

263 2549 489 2629 Philosophus
481 2568 509 2612 ru
530 2548 558 2612 ι.
573 2548 747 2614 Ethicorum
768 2551 849 2628 ponit
869 2552 985 2628 signum
1007 2552 1127 2614 habitus
1148 2552 1378 2615 delectationem
1399 2553 1433 2614 in

258 2663 345 2727 opere
365 2648 551 2711 exsistentem
567 2647 649 2726 (l).>›

205 2733 207 2742 ’
298 2741 346 2808 78.
364 2743 595 2809 Paorosrrm‘l.
617 2743 726 2809 Ve'rtut
677 2750 759 2810 ileo
772 2745 964 2810 naturaliter
977 2763 1039 2808 nou
1053 2712 1274 2825 acquireretur,
1287 2745 1356 2811 taisi
1369 2767 1436 2827 per

260 2843 416 2924 frequent
405 2861 468 2906 eom
493 2847 626 2905 actuum.

302 2940 389 3005 Proh.
404 2939 509 3004 lirtus
523 2950 570 3004 est
583 2942 704 3003 habitus
718 2942 850 3019 quidam,
865 2958 915 3004 seu
933 2943 1112 3037 propensio
1105 2952 1243 3038 constans
1256 2945 1295 3006 ad
1309 2945 1435 3008 eusdem

261 3046 347 3102 actus
366 3039 581 3117 producendos,
601 3038 734 3101 facultati
760 3041 957 3116 superaddita.
975 3019 1092 3101 Sed
1064 3025 1216 3116 propensio
1212 3012 1433 3123 huiusmodi,

263 3139 391 3199 humana
413 3137 558 3199 industria
573 3142 601 3198 et
622 3137 698 3198 intra
715 3144 839 3198 naturae
858 3138 998 3209 ordinem,
1014 3153 1068 3199 nun
1083 3139 1169 3200 aliter
1189 3141 1358 3217 comparari
1381 3155 1436 3218 po-

263 3244 330 3310 test,
345 3235 400 3296 nisi
422 3235 592 3312 repetitione
613 3243 746 3307 actuum;
763 3235 806 3296 sic
828 3235 903 3295 enim
924 3234 1047 3322 facultas
1067 3236 1251 3322 inflexionem
1267 3239 1432 3326 quamdam

263 3332 411 3395 contrahit
431 3341 461 3393 et
482 3332 567 3410 quasi
587 3331 858 3406 determinationem
878 3331 916 3392 ad
937 3348 1038 3404 unum.
1060 3329 1148 3412 Ergo,
1169 3337 1283 3397 nonnisi
1311 3337 1434 3398 actibus

262 3429 405 3494 iterandis
419 3430 542 3491 virtutes
563 3417 735 3491 naturaliter
749 3429 951 3506 acquiruntur.
966 3427 1068 3493 Denuo
1083 3429 1112 3494 S.
1128 3430 1273 3495 Thomas:
1297 3455 1314 3489 a
1329 3431 1436 3497 Scien-

259 3529 327 3589 dum
349 3535 404 3600 est,
425 3526 502 3603 quod
524 3525 674 3588 inclinatio
695 3542 792 3588 rernm
814 3526 991 3588 naturalium
1016 3531 1206 3606 consequitur
1227 3532 1365 3594 formam.
1390 3530 1434 3594 Et

265 3626 330 3688 ideo
351 3634 397 3687 est
418 3625 456 3687 ad
479 3639 579 3697 uuum,
594 3624 754 3686 secundum
776 3624 952 3701 exigentiam
973 3625 1096 3699 tormae3
1109 3643 1167 3704 qna
1189 3638 1369 3704 remanente,
1387 3631 1435 3692 ιιι-
1544 3622 1547 3630 ’

262 3723 381 3787 clinatio
397 3723 458 3787 tolli
479 3739 534 3785 non
555 3730 661 3799 potest,
675 3737 728 3784 nee
749 3723 893 3784 contraria
914 3723 1023 3785 induci.
1038 3722 1077 3786 Et
1090 3721 1216 3803 ¹propter
1230 3729 1287 3790 hoo
1310 3745 1357 3810 res
1379 3746 1433 3792 na·

260 3820 374 3883 turales
388 3838 482 3900 neque
496 3826 670 3882 assuescunt
683 3820 721 3881 ad
740 3820 868 3897 aliquod,
882 3836 976 3898 neque
990 3821 1175 3884 desuescunt.
1190 3821 1433 3900 Quantumcum-

257 3932 317 3996 que
332 3919 408 3978 onim
423 3919 498 3996 lapis
513 3935 630 3981 sursum
652 3919 772 3991 teratur,
785 3933 934 3995 uunquam
949 3918 987 3980 ad
1001 3920 1057 3981 huc
1071 3925 1226 4001 assuescit,
1243 3924 1294 3985 sed
1311 3941 1432 4003 semper

258 4015 416 4078 inclinatur
436 4016 473 4077 ad
492 4026 601 4079 motum
624 4016 770 4106 deorsum.
787 4013 844 4078 Sed
864 4030 998 4092 eaquae
1020 4024 1088 4078 suut
1108 4018 1146 4080 ad
1169 4022 1356 4096 utrumlibet,
1371 4039 1433 4086 nnn

304 4227 337 4289 (1)
358 4226 403 4290 Qq.
422 4225 496 4288 Disp.
515 4225 636 4282 Quaestio
652 4227 691 4273 De
707 4227 854 4273 virtutibus
870 4225 900 4272 ιἰι
916 4225 1063 4280 communi,
1080 4241 1103 4274 a.
1120 4228 1144 4276 l.
