3159 4934
289 310 344 368 358
441 322 484 366 rus
501 322 627 366 ιιιιιιιιι
643 339 654 349 ·
672 322 742 364 runs
759 322 796 367 ur.
812 322 854 366 rus
872 321 1103 365 ιιιιιιιιιτιιιιιιι
1121 322 1169 365 sau
1187 322 1301 365 ιιιιιιιιιι

680 646 829 724 CAPUT
853 648 1061 723 TERTIUM

623 852 662 902 ml
686 851 805 902 sucum
829 852 961 907 oblutus
985 852 1129 903 erudiunt.
1195 890 1197 895 -

330 1060 380 1131 30.
402 1065 631 1151 Argumenlum.
655 1066 773 1131 Mutuus
795 1069 925 1147 gentium
946 1066 1100 1132 relationes
1128 1076 1258 1146 tempore
1285 1076 1348 1131 tum
1378 1069 1462 1147 pacis

288 1173 354 1228 tum
376 1165 443 1229 beili
465 1167 593 1229 breviter
613 1166 839 1243 descripsimus;
862 1174 954 1229 restat
975 1175 1007 1229 ut
1027 1166 1063 1229 de
1084 1166 1196 1231 unitate
1217 1166 1277 1240 illa,
1297 1182 1372 1245 quac
1395 1167 1461 1228 uni-

289 1278 393 1327 versas
414 1271 515 1342 gentes
534 1264 691 1343 coniungat
704 1272 734 1326 et
748 1264 808 1326 dici
830 1272 927 1341 potest
946 1266 1148 1338 etbnarcbica,
1163 1264 1273 1341 aliquid
1290 1266 1462 1332 innuamus.

288 1362 334 1426 Ea
355 1362 432 1425 euim
454 1378 610 1441 supremus
630 1362 741 1441 gradus
762 1363 880 1425 socialis
902 1363 1086 1440 perfectionis
1109 1364 1288 1437 continetur3
1312 1363 1458 1442 siquidem

290 1460 425 1525 stabilem
448 1468 478 1523 et
498 1460 664 1523 ordinatam
685 1461 778 1523 efficit
799 1459 977 1523 iunctionem
991 1459 1083 1533 illam,
1097 1477 1155 1539 qua
1170 1462 1303 1523 nationes
1316 1461 1375 1522 iam
1391 1467 1458 1522 ante

291 1558 319 1620 ri
339 1567 462 1621 naturae
485 1558 611 1620 invicem
638 1557 861 1634 copulabantur.
882 1556 1004 1621 Duobus
1032 1573 1101 1620 vero
1129 1557 1262 1620 articulis
1290 1574 1353 1621 rem
1382 1558 1459 1619 banc

287 1657 492 1735 expediemus3
512 1670 638 1733 quorum
661 1654 774 1731 primus
799 1656 835 1717 de
863 1662 967 1716 natura
993 1663 1024 1718 et
1050 1654 1147 1717 indole
1174 1655 1262 1717 buius
1291 1656 1456 1727 societatis;

289 1754 369 1816 alter.
384 1754 421 1816 de
441 1753 592 1826 relatione,
613 1767 704 1831 quam
726 1768 793 1816 cum
815 1753 953 1837 societate
973 1752 1109 1831 religiosa
1130 1753 1244 1833 retinet,
1265 1754 1429 1832 eloquetur.

768 1975 938 2039 Anrrcuuus
960 1973 983 2037 l.

461 2106 512 2171 De
527 2111 646 2171 natura
666 2109 697 2169 et
715 2104 819 2169 indole
835 2106 961 2170 socialis
981 2105 1116 2169 unitatis
1132 2110 1286 2186 gentium.

328 2302 377 2368 31.
400 2302 537 2369 daturae
560 2298 738 2387 propensio.
755 2300 1008 2374 Quemadmodum
1024 2318 1163 2380 personae
1181 2302 1364 2376 individuae,
1378 2316 1454 2363 scor·

288 2419 355 2465 sum
376 2408 460 2464 extra
482 2400 597 2463 civilem
620 2400 792 2462 societatem
814 2399 1026 2473 consideratae,
1047 2399 1236 2462 relationibus
1258 2400 1336 2462 iuter
1356 2414 1386 2461 se
1405 2416 1455 2460 na·

289 2500 427 2564 turaliter
442 2499 676 2577 adstringuntur,
689 2514 766 2576 quas
780 2498 900 2560 civitate
914 2498 1118 2561 constituenda
1133 2498 1309 2560 confirmant
1322 2505 1353 2559 et
1366 2497 1453 2559 latius
1557 2502 1558 2511 ’

287 2599 453 2677 explicant3
471 2598 516 2659 sic
529 2596 675 2669 nationes,
685 2594 742 2657 etsi
756 2610 809 2673 per
823 2610 855 2657 se
871 2602 1019 2673 spectatae
1033 2595 1144 2656 mutuis
1159 2594 1327 2673 obligentur
1341 2595 1452 2667 officiis,

287 2702 385 2758 tamen
409 2696 501 2758 ductu
523 2703 646 2758 naturae
666 2693 784 2756 incitari
812 2692 947 2755 videntur
973 2691 1009 2755 ad
1039 2693 1195 2770 positivam
1220 2701 1250 2755 et
1274 2698 1450 2755 constantem

288 2793 534 2856 consociationem
555 2792 723 2864 ineundam,
744 2791 774 2852 in
796 2799 854 2869 qua
875 2789 1023 2853 naturales
1045 2797 1209 2867 respectus,
1231 2807 1306 2868 quos
1329 2791 1452 2853 invicem
1556 2800 1557 2819 ¹

289 2889 407 2966 babent,
428 2890 592 2953 stabilitate
614 2888 727 2952 ordinis
748 2903 784 2950 ac
806 2887 932 2966 positiva
954 2887 1103 2950 sanctione
1123 2886 1275 2950 donentur.

328 2983 363 3048 ld
375 2983 479 3046 iisdem
494 2986 554 3048 lere
571 2986 754 3064 argumentis
776 2984 947 3062 persuaderi
969 2990 1075 3061 potest,
1089 2986 1197 3063 quibus
1221 2986 1351 3061 privatas
1371 2985 1452 3047 iami-

287 3081 343 3144 lias
363 3080 402 3143 ad
423 3080 540 3145 civilem
561 3084 731 3145 societatem
752 3082 908 3144 ineundam
926 3082 1098 3144 naturaliter
1118 3082 1236 3145 incitari
1257 3088 1452 3146 monstratum

286 3186 340 3243 est.
362 3176 439 3241 Nam
461 3179 629 3256 indigentiis
650 3187 712 3242 tum
734 3180 868 3258 physicis
890 3188 952 3242 tum
974 3179 1166 3243 rationalibus
1193 3180 1346 3244 nationum
1372 3181 1454 3258 plene

286 3278 493 3356 cumulateque
515 3277 661 3353 provideri
682 3276 794 3356 nequit,
808 3278 866 3340 nisi
880 3279 936 3341 bae
954 3277 1112 3339 universali
1126 3277 1265 3340 societate
1279 3278 1454 3357 populorum

286 3376 454 3439 constituta.
478 3373 607 3449 Quaevis
627 3374 704 3436 enim
729 3389 802 3454 gens
828 3374 940 3437 nonnisi
968 3374 1092 3437 aliarum
1121 3372 1259 3453 gentium
1280 3391 1370 3453 opera
1398 3377 1456 3439 lere

287 3473 465 3552 completum
485 3489 539 3536 nec
561 3472 632 3551 quid
657 3472 803 3535 humanae
831 3479 952 3536 naturae
973 3474 1051 3535 vires
1072 3472 1189 3536 valeant
1216 3474 1333 3537 abunde
1359 3476 1457 3547 refert,
1552 3544 1553 3547 Ἴ

286 3571 345 3632 nisi
365 3585 464 3634 earum
488 3571 638 3649 perpetuis
651 3569 770 3632 auxiliis
789 3570 932 3633 foveatur.
946 3568 985 3633 Et
999 3572 1135 3649 quamvis
1157 3572 1297 3650 nationes,
1312 3587 1457 3635 commer-

286 3668 400 3731 ciorum
421 3684 477 3730 usu
497 3685 532 3731 ae
553 3668 701 3731 foederum
724 3668 890 3754 sanctitate,
910 3675 1013 3731 mutua
1028 3668 1084 3731 sibi
1099 3675 1247 3745 praestent
1270 3670 1457 3743 adiunrcnta3

287 3772 385 3827 mmen
406 3767 480 3829 baec
495 3767 628 3828 numntia
642 3774 721 3838 sunt,
735 3764 840 3843 litigiis
856 3766 979 3828 obnoxia
994 3772 1024 3829 et
1042 3766 1239 3844 periculorum
1256 3767 1350 3845 plena,
1365 3768 1459 3833 donec

286 3864 420 3927 firmact
434 3878 538 3927 secura
552 3863 712 3925 reddantur
726 3863 889 3925 stabilitate
902 3863 1000 3943 legum
1020 3870 1051 3927 et
1071 3871 1168 3927 certae
1183 3864 1339 3929 cuiusdam
1356 3876 1457 3930 aucto·

286 3959 383 4022 ritatis
410 3960 512 4040 ductu,
538 3977 614 4040 quae
639 3960 795 4023 relationes
823 3960 1059 4023 internationales
1084 3961 1264 4035 moderetur,
1288 3978 1322 4025 ac
1349 3965 1457 4027 bonum

286 4055 440 4134 politicum
462 4058 607 4137 cuiusque
628 4058 722 4137 gentis
742 4074 810 4123 cum
833 4061 907 4123 bono
929 4060 1018 4123 totius
1038 4059 1159 4121 humani
1179 4060 1295 4138 generis
1309 4062 1455 4123 conciliet.

285 4148 336 4215 Sic
358 4152 452 4215 mirus
465 4155 586 4232 quidam
608 4163 925 4239 concentuserrsurget
945 4171 981 4219 ιιι
1002 4156 1116 4219 mutuis
1134 4156 1248 4220 viribus
1269 4158 1455 4237 singularum

282 4246 428 4327 gentium,
447 4258 478 4311 et
499 4267 568 4314 vere
587 4252 721 4315 ordinata
743 4254 873 4332 operatio
895 4253 1047 4317 universae
1066 4254 1216 4317 societatis
1235 4255 1395 4330 humanae,
1409 4272 1455 4319 re·
