3159 4934
304 334 355 393 130
585 348 627 390 rus
644 346 769 389 uarunrn
788 365 798 374 -
817 346 893 387 rans.
913 348 930 391 r.
949 345 991 387 rus
1009 344 1181 387 rnotvromcn

194 458 199 471 '
300 478 400 526 omnes
421 457 585 539 relationes,
599 461 708 539 quibus
729 460 885 521 afficimur.
900 456 982 537 Ergo
1002 458 1111 532 officia,
1123 472 1199 537 qnae
1220 455 1289 520 hinc
1309 456 1466 534 resultant,

299 562 404 645 ceteris
424 559 560 623 omnibus
580 556 764 621 antecellunt.
842 582 850 598 ·
959 618 964 628 ,

336 656 377 721 Et
397 673 476 731 sanc,
490 655 612 735 quaevis
630 654 688 717 alia
708 653 824 729 relatio,
837 670 895 732 qua
916 654 1004 718 borno
1024 653 1190 716 instructus
1210 652 1386 731 concipitur,
1399 651 1466 715 eius
1565 643 1566 706 ἱ

295 756 459 821 realllalem
479 762 509 819 et
530 754 732 818 exsistentiam
753 754 902 817 subaudit.
923 751 1017 817 lmmo
1038 752 1102 831 ipse
1122 749 1279 831 respectus
1289 752 1467 825 identitatis,

295 870 354 935 quo
375 855 462 917 bomo
483 869 551 916 cum
573 858 666 915 semet
685 852 750 930 ipsa
770 859 968 931 comparatur,
990 850 1113 930 cogitari
1134 865 1191 914 uon
1213 858 1319 929 potest.
1333 849 1391 913 nisi
1405 850 1466 913 iam

295 963 362 1016 ante
375 952 406 1015 iu
421 951 538 1030 propria
552 958 657 1012 natura
671 950 852 1013 constitutus
866 949 1055 1028 intelligatur.
1070 947 1113 1012 At
1128 949 1232 1012 relatio
1245 942 1466 1027 dependendae,

294 1066 385 1131 quam
399 1050 544 1112 babemus
559 1046 657 1125 abeo,
669 1047 699 1109 in'
712 1046 778 1125 ipsa
794 1047 908 1111 notione
922 1054 1039 1110 nostrae
1050 1047 1194 1110 realitatis
1207 1047 1378 1121 imbibitum
1388 1063 1465 1126 quae

295 1155 373 1213 certe
395 1146 461 1209 talis
482 1146 511 1207 in
534 1161 566 1208 se
586 1152 639 1224 est,
659 1152 693 1207 ut
714 1145 752 1207 ad
774 1143 869 1208 Deum
890 1146 1034 1208 referatur
1054 1152 1207 1223 tamquam
1228 1145 1266 1208 ad
1287 1145 1414 1224 primam
1434 1154 1466 1209 et
1566 1183 1567 1200 ι

295 1244 489 1309 universalem
510 1258 632 1306 cansam
655 1242 745 1305 totius
765 1242 963 1316 exsistentiae,
985 1242 1102 1307 animm
1127 1250 1226 1307 autem
1247 1249 1277 1305 et
1298 1243 1465 1321 proximam

296 1342 478 1404 substantiae
500 1339 672 1419 spiritualis.

334 1438 500 1513 Praeterea
513 1457 537 1501 sr
529 1438 598 1501 lex
616 1437 758 1501 naturalis
779 1452 880 1501 norma
901 1439 1047 1517 quaedam
1068 1447 1123 1512 est
1136 1455 1211 1518 quae
1225 1440 1336 1503 idcirco
1350 1440 1464 1504 bomini

294 1539 431 1613 traditur,
450 1546 498 1601 nt
503 1553 570 1600 eum
591 1536 629 1599 ad
649 1537 801 1614 proprium
823 1538 911 1599 finem
932 1543 1048 1614 coaptet
1068 1544 1099 1599 ct
1119 1537 1245 1616 dirigat;
1261 1536 1465 1632 prolectotpo-

13 1637 56 1681 l
42 1608 121 1695 *ta
136 1655 240 1718 <a
254 1638 409 1701 tissima
424 1636 500 1700 inber
514 1641 681 1714 praecepta
694 1650 770 1713 quac
792 1635 931 1707 continet,
945 1634 995 1696 illa
1009 1627 1200 1794 ιιιιιιᾨμιιιθ
1200 1636 1286 1697 duem
1300 1637 1381 1699 bunc
1397 1651 1465 1715 pro-

120 1697 286 1840 gjlp
292 1740 370 1799 xime
391 1741 534 1814 spectant
549 1741 578 1795 et
600 1732 802 1795 immediatum
823 1732 954 1795 ordinem
975 1731 1013 1794 ad
1033 1748 1069 1794 eu
1103 1732 1170 1795 dem
1192 1732 1353 1811 imponunt
1369 1734 1465 1813 Atqui
1567 1749 1568 1800 1

277 1812 323 1898 id
338 1841 488 1911 praestant
502 1830 610 1904 officia
624 1846 698 1909 quae
713 1830 752 1893 ad
765 1830 934 1908 religionem
956 1837 1105 1917 spectant3
1122 1838 1184 1893 tota
1198 1831 1275 1896 enim
1292 1840 1465 1911 quantaque

293 1932 415 2005 suntin
436 1932 492 1993 boc
514 1928 598 2007 plane
619 1938 781 2003 versantur,
798 1936 829 1991 ut
850 1929 998 1992 bominem
1019 1929 1056 1991 ad
1071 1911 1176 2007 Deum,
1192 1929 1243 2006 qui
1258 1944 1325 1991 uere
1341 1928 1464 1993 ultimus

292 2030 359 2092 linis
373 2028 437 2091 cius
451 2035 506 2101 est,
522 2034 666 2100 revocent,
681 2042 750 2090 cum
763 2028 887 2105 ipsoque
901 2026 991 2089 veluti
1004 2025 1099 2103 ligent
1113 2026 1377 2089 communicatione
1391 2043 1464 2106 qua·

291 2128 360 2190 dam
381 2126 551 2190 constituta.
574 2123 653 2203 Ergo
674 2122 837 2206 Religionis
856 2124 953 2187 officia
976 2124 1070 2201 prima
1095 2131 1164 2186 sunt
1196 2132 1285 2202 atque
1306 2126 1462 2202 potissima

290 2225 431 2304 omnium,
451 2238 528 2302 quae
548 2240 565 2286 a
586 2222 650 2301 lege
670 2222 799 2285 naturali
819 2229 1006 2285 enascuntur.
1568 2279 1569 2286 χ

331 2320 415 2395 Quod
430 2337 497 2385 cum
519 2321 560 2383 ita
578 2322 627 2396 sit,
641 2319 804 2385 luculenter
818 2327 941 2398 apparel
954 2325 1100 2397 quantum
1121 2337 1137 2381 a
1159 2312 1282 2383 veritate
1301 2320 1463 2385 desciverit
1568 2321 1569 2366 l

291 2419 519 2495 tacendumne
537 2419 598 2500 qui,
611 2434 679 2483 cum
701 2419 797 2481 officia
817 2417 945 2479 bominis
966 2432 1002 2479 ex
1017 2416 1161 2495 principio
1181 2417 1355 2482 socialitatis
1370 2419 1462 2482 dedu·

290 2535 356 2583 cerc
377 2518 475 2593 vellet,
494 2526 581 2597 atque
602 2517 669 2579 indc
690 2516 787 2580 officia
808 2531 878 2593 erga
900 2512 993 2578 Deum
1016 2514 1065 2577 vix
1086 2522 1139 2577 aut
1160 2531 1194 2579 ne
1215 2517 1265 2580 uix
1285 2517 1408 2595 quidem
1430 2533 1461 2581 ur

44 1895 48 1906 ι
108 1880 169 1927 st*

290 2618 422 2681 derivare
437 2631 522 2695 posse
536 2616 730 2693 conspiceret
747 2628 876 2677 asserere
891 2628 947 2676 non
962 2613 1112 2676 dubitavit
1126 2613 1156 2674 in
1171 2615 1295 2677 materia
1309 2615 1462 2695 religionis

290 2732 346 2779 non
360 2715 441 2777 aliud
455 2730 472 2776 a
487 2713 613 2776 naturali
628 2713 691 2775 iure
703 2712 884 2791 persuaderi,
896 2712 952 2773 nisi
967 2712 1045 2791 quod
1060 2711 1160 2775 cultos
1171 2711 1335 2775 divinitalis
1349 2715 1461 2792 optimc

289 2812 526 2876 accommodetur
546 2810 681 2874 felicitati
701 2826 736 2873 ac
759 2810 964 2889 tranquillitati
985 2810 1063 2873 vitae
1085 2808 1245 2886 praesentis
1266 2807 1317 2889 (l).
1332 2809 1375 2873 At
1396 2814 1462 2890 opi·

289 2909 383 2973 nionis
398 2925 495 2973 errore
510 2909 651 2987 deceptus
662 2915 716 2970 est.
729 2905 770 2971 Ut
783 2907 861 2970 enim
875 2923 912 2969 ex
923 2907 1012 2969 dictis
1027 2906 1129 2982 claret,
1142 2907 1299 2969 necessitas
1310 2906 1463 2985 religionis
1569 2953 1570 2964 ,

289 3007 403 3071 eruitur
417 3022 453 3068 ex
473 3006 577 3069 intima
598 3011 627 3068 et
647 3006 797 3091 essentiali
818 3005 1009 3082 dependentia
1032 3011 1153 3067 naturae
1174 3012 1291 3068 nostrae
1311 3003 1419 3083 aDeo,
1433 3015 1463 3071 et
1569 2993 1570 2996 ¹

289 3123 326 3169 cx
346 3104 456 3177 ordine,
476 3115 564 3182 quern
588 3104 626 3167 ad
654 3103 764 3181 ipsum,
787 3110 938 3181 tamqnam
962 3102 1160 3178 adultimum
1185 3104 1283 3178 linem,
1303 3104 1461 3168 babemus.

289 3201 387 3279 Quare
403 3201 467 3266 eius
481 3209 669 3280 praeceptum
685 3202 814 3280 primum
834 3210 881 3264 est
893 3207 923 3264 et
938 3200 1100 3263 maximum
1116 3202 1146 3263 in
1160 3193 1230 3265 iure
1244 3208 1377 3276 naturae,
1391 3212 1460 3267 ante

289 3316 404 3366 omnem
426 3307 598 3377 conceptum
620 3300 786 3374 societatis;
801 3314 854 3363 nec
873 3301 937 3362 aios
957 3299 1054 3363 officia
1069 3298 1106 3361 ad
1121 3299 1289 3363 convictum
1307 3314 1375 3363 cnm
1389 3299 1461 3361 aliis

289 3400 457 3463 bominibus
478 3397 635 3460 ineundum
657 3404 709 3459 aut
730 3397 912 3461 retinendum
934 3402 1078 3475 spectant,
1094 3396 1146 3459 sed
1160 3397 1199 3459 ad
1216 3396 1346 3461 debitam
1366 3400 1461 3462 servi-

290 3505 381 3560 tutem
403 3504 433 3560 et
453 3495 625 3574 obsequium
647 3493 709 3558 Deo
731 3495 947 3573 praestandum.

328 3592 405 3658 Hinc
426 3594 515 3657 etiam
536 3594 641 3656 inleres
662 3592 819 3655 stultitiam
841 3608 953 3668 eorum,
967 3592 1018 3673 qui
1032 3596 1069 3658 de
1082 3596 1236 3657 honestate
1251 3595 1379 3657 naturali
1391 3595 1459 3675 glo-

288 3692 411 3772 riantur,
426 3692 566 3772 religione
588 3698 769 3770 contempta3
784 3698 814 3754 et
834 3692 910 3771 trogi
931 3694 1076 3768 homines,
1093 3694 1117 3756 si
1140 3696 1255 3773 superis
1275 3679 1384 3773 placet}
1398 3696 1459 3759 dici

288 3791 398 3867 uolunt,
413 3798 568 3869 propterea
588 3790 668 3869 quod
687 3788 762 3851 nihil
783 3790 813 3852 in
827 3790 901 3853 alios
916 3790 1051 3854 homiues
1065 3801 1199 3870 peccant,
1213 3809 1395 3872 quamquam
1415 3795 1458 3858 ol·

257 3956 260 3961 ,
288 3888 356 3950 ficia
375 3904 445 3968 erga
467 3888 563 3953 Deum
584 3887 703 3950 minime
724 3894 836 3957 curant.
851 3888 892 3951 At
913 3895 1045 3967 potestne
1065 3890 1207 3953 honestus
1224 3907 1259 3953 ac
1280 3891 1374 3955 bonus
1394 3890 1458 3953 cxi-

287 3984 412 4058 stimari‚
424 3986 476 4064 qui
491 3986 597 4064 primis
611 3985 839 4065 praecipuisque
859 3985 933 4066 legis
955 3994 1076 4050 naturae
1092 3988 1255 4066 praeceptis
1272 4004 1328 4052 uon
1343 3996 1458 4075 optem-

288 4088 435 4160 peretot
462 4082 633 4162 obligationi
660 4082 833 4158 reluctatur,
858 4101 917 4164 qua
945 4091 1005 4148 tam
1034 4092 1115 4149 arcte
1142 4086 1180 4149 ab
1205 4086 1306 4151 ordine
1333 4087 1458 4151 rationis

290 4179 501 4259 adstringitur?

337 4348 372 4411 (l)
386 4350 426 4399 De
442 4349 536 4414 officiis
553 4348 672 4399 bominis
687 4360 711 4399 et
726 4352 801 4406 civia,
818 4353 871 4403 Lib.
889 4354 911 4412 1,
927 4368 947 4403 c.
964 4352 987 4412 3,
1004 4359 1018 4411 ς
1035 4352 1072 4402 13.
