3159 4934
308 315 363 374 236
630 329 671 372 nus
688 328 841 372 sannana-
861 328 927 371 entus
944 329 969 370 n.
988 327 1031 370 rus
1049 327 1157 372 mannua

309 451 403 522 neque
418 440 581 520 sacrilegia,
596 457 689 520 neque
712 441 830 519 publica
851 442 990 506 scandala
1009 443 1196 516 vetabuntur,
1210 458 1304 522 neque
1325 444 1472 520 pactiones

309 549 471 618 utcumque
491 547 602 617 turpes,
623 538 711 602 modo
735 541 809 602 bant
835 547 939 602 mutuo
966 556 1109 603 consensu
1136 542 1274 619 partium.
1296 538 1370 603 Nam
1396 543 1472 603 baec

308 638 433 702 iuridice
453 645 552 701 essent
572 637 778 712 indifferentia,
792 653 861 701 cnm
886 637 1051 702 libertatem
1072 638 1197 702 aliorum
1218 642 1275 700 bon
1296 637 1419 700 laedant.
1434 635 1473 700 llt

308 752 377 800 sane
398 735 608 815 rationalistae,
629 736 682 815 qni
714 737 863 800 seueritati
884 735 998 816 logicae
1023 737 1156 800 tenacius
1184 736 1355 809 adbaerent,
1375 743 1472 813 aperte

307 837 446 909 latemur,
468 836 637 898 societatem
658 849 716 897 non
737 850 826 912 posse
839 837 903 897 suis
923 835 1037 913 legibus
1060 851 1152 913 neque
1165 836 1303 909 divortia,
1316 849 1411 912 neque
1425 848 1472 911 po-

307 935 479 1015 lygamiam,
490 950 583 1014 neque
593 934 724 996 incestus
738 934 879 997 damnare
889 941 941 997 ant
956 934 1069 1012 punire,
1080 935 1216 998 medoen
1227 935 1322 998 libero
1333 949 1471 996 consensu

306 1036 453 1108 oriantur3
476 1032 621 1110 siquidem
642 1032 724 1094 iuxta
745 1029 929 1095 Kantiannm
954 1032 1130 1110 principium
1158 1032 1327 1111 nequitiis
1355 1039 1471 1094 externa

305 1131 441 1194 adbiberi
463 1137 564 1194 contra
585 1145 673 1192 usum
694 1130 852 1209 libertatis,
873 1129 925 1209 qni
946 1130 1067 1193 alterins
1088 1129 1219 1193 libertati
1240 1147 1295 1194 nnn
1316 1130 1454 1192 detrabit.

348 1227 440 1292 Aliud
461 1227 648 1292 corollarium
669 1236 714 1290 est
734 1229 847 1306 integra
868 1229 1017 1306 separatio
1038 1228 1188 1292 societatis
1203 1228 1339 1307 politicae
1359 1229 1400 1290 ab
1420 1226 1473 1291 lic·

308 1325 408 1401 clesia,
423 1341 500 1404 quae
520 1333 605 1390 entra
625 1327 770 1388 ambitum
790 1326 867 1388 iuris
886 1328 1005 1406 evagari
1020 1327 1145 1404 cogitur,
1160 1334 1262 1406 utpote
1274 1341 1384 1405 qnaea
1400 1327 1472 1404 prin-

307 1425 386 1502 cipio
406 1425 629 1488 coexsistentiae
650 1439 706 1486 nnn
727 1432 867 1503 emergat.
889 1422 983 1487 lmmo
1003 1425 1041 1487 ad
1062 1424 1110 1487 ins
1132 1424 1241 1490 sociale
1262 1425 1422 1503 pertinebit
1433 1427 1472 1487 in

307 1523 538 1586 differentismns
558 1522 712 1602 religiosus
740 1530 771 1584 et
798 1522 965 1586 atheismns
986 1521 1140 1599 politicus,
1164 1523 1309 1602 siqnidem
1330 1539 1389 1586 non
1412 1523 1469 1600 plns

307 1621 484 1682 coarctanda
505 1620 629 1683 libertas
650 1628 705 1698 est,
727 1635 817 1699 quam
837 1621 998 1696 requiritur
1021 1621 1059 1682 ad
1087 1620 1252 1684 libertatem
1273 1619 1400 1683 aliorum
1421 1636 1470 1683 non

307 1718 510 1792 adimendam
531 1718 676 1798 professio
697 1725 796 1781 antem
812 1718 929 1796 publica
952 1718 1037 1781 unius
1058 1719 1252 1796 eiusdemque
1271 1717 1371 1781 cultus
1393 1732 1473 1796 prae·

308 1817 420 1879 dictam
441 1832 609 1879 mensuram
630 1815 794 1878 excederet.

346 1913 487 1988 Tandem,
507 1931 543 1978 ne
564 1915 648 1993 plura
669 1920 829 1992 consecter,
850 1913 1026 1993 gubernium
1046 1929 1081 1976 eo
1102 1914 1170 1991 plus
1192 1913 1324 1976 tenderet
1343 1913 1382 1975 ad
1401 1913 1471 1974 inte

303 2009 478 2092 'ritumque
492 2013 589 2091 magis
603 2013 683 2076 cives
697 2012 896 2076 inhonestate
911 2013 1093 2090 proficerent.
1109 2009 1186 2074 Nam
1202 2011 1377 2090 gnbernium
1392 2010 1469 2073 iuxta

308 2107 389 2173 Kant
409 2119 439 2174 et
466 2111 665 2174 rationalistas
688 2119 840 2188 propterea
861 2111 947 2173 unice
974 2110 1152 2183 instituitur,
1174 2115 1206 2172 nt
1233 2125 1288 2187 cpe
1314 2109 1470 2173 coactionis

307 2217 443 2274 externae
465 2210 640 2289 principium
662 2209 886 2273 co'e'nsistentiae
907 2209 945 2270 ad
966 2216 1067 2271 actum
1091 2209 1220 2272 reducat.
1235 2209 1278 2272 At
1290 2223 1350 2286 qno
1364 2209 1470 2271 arctius

306 2307 440 2372 homines
460 2310 583 2371 bonesto
604 2307 833 2386 adhaerescunt.
849 2322 883 2370 eo
904 2307 1002 2375 minus
1023 2307 1156 2385 indigent
1174 2314 1295 2369 externa
1324 2307 1470 2369 coactione

307 2421 360 2484 pro
381 2405 518 2468 libertate
539 2406 663 2468 aliorum
684 2405 877 2468 observanda.
899 2403 978 2483 Ergo
999 2405 1123 2468 ultimus
1144 2405 1288 2468 terminus
1302 2404 1394 2467 bnins
1409 2419 1470 2482 pro

250 2552 252 2558 .
307 2504 478 2582 gressionis,
497 2503 549 2581 qui
571 2502 675 2565 saltem
698 2512 731 2566 ut
755 2503 905 2581 exemplar
922 2504 1104 2582 proponitur,
1125 2511 1172 2566 est
1196 2502 1301 2565 desitio
1322 2502 1471 2581 regiminis

306 2601 433 2677 socialis,
447 2617 483 2664 ac
505 2601 639 2679 publicae
659 2601 857 2676 auctoritatis,
879 2615 955 2677 qnae
974 2617 1095 2680 scopum
1118 2601 1246 2679 amplius
1264 2615 1321 2662 non
1342 2601 1469 2662 baberet.
1554 2648 1555 2677 ,

304 2697 345 2762 Et
358 2702 496 2777 quoniam
511 2714 644 2777 quaeque
664 2714 712 2761 res
726 2697 764 2760 ad
780 2699 827 2760 sui
842 2701 1093 2762 conseruationem
1108 2699 1136 2762 vi
1152 2707 1277 2761 naturae
1295 2698 1469 2776 impellitur;
1554 2734 1555 2755 r

304 2798 467 2859 auctoritas
489 2796 606 2874 publica
628 2805 661 2859 ut
681 2813 713 2860 se
734 2806 860 2877 tueatur,
880 2796 1000 2859 assidue
1024 2813 1211 2876 progressum
1236 2797 1346 2860 civium
1371 2798 1402 2859 in
1426 2797 1470 2856 via

304 2895 468 2957 honestatis
488 2903 519 2956 et
543 2895 661 2958 virtutis
683 2895 859 2973 praepediet.
881 2894 927 2958 lin
955 2896 1055 2972 itaque
1077 2895 1294 2971 pulcherrimus
1316 2902 1472 2972 conceptus

305 2985 417 3055 ordinis
438 2991 564 3067 socialis,
579 2993 828 3056 rationalistarnm
849 2993 992 3071 sapientia
1008 2993 1092 3070 plane
1112 2992 1234 3071 dignusl
1249 2991 1295 3056 Ex
1310 3009 1368 3054 nna
1391 3000 1472 3071 parte

304 3089 489 3152 subditorum
510 3090 678 3169 multitudo,
692 3107 768 3170 qnae
782 3091 887 3155 morali
912 3106 1069 3169 progressu
1090 3090 1128 3152 ad
1146 3091 1352 3153 anctoritatem
1367 3092 1471 3168 guber·

304 3190 438 3252 nantium
454 3188 651 3265 perimendam
673 3190 797 3263 nitatnr;
812 3205 849 3252 ex
869 3188 926 3250 alia
946 3188 1172 3267 gubernantium
1193 3189 1365 3262 auctoritas,
1387 3203 1469 3266 quae,

304 3301 339 3348 ne
353 3292 485 3360 ¹mortem
506 3285 648 3359 incurrat,
663 3286 701 3348 ad
722 3286 863 3350 moralem
883 3286 1070 3349 subditorum
1093 3301 1280 3364 progressum
1296 3285 1471 3364 iugiterim-

305 3383 480 3462 pediendum
502 3383 671 3446 contendat!

344 3478 391 3544 45.
400 3478 577 3545 Pnornsnrro
587 3477 630 3542 2⁸.
639 3477 737 3542 Finis
747 3479 905 3544 comatulis
914 3480 1017 3545 cicilie
1027 3485 1075 3544 est
1085 3479 1199 3545 maram
1209 3485 1471 3545 communicante·

243 3619 245 3623 -
302 3595 388 3655 num,
403 3576 582 3642 ordinatum
596 3575 638 3638 ud
650 3575 820 3654 interatum,
835 3567 1114 3642 escheiriacum
1130 3579 1241 3643 altimo
1255 3579 1316 3658 fini
1331 3580 1382 3659 (1).

343 3673 429 3740 Prob.
446 3677 539 3754 prima
555 3692 633 3753 pars.
645 3673 730 3750 Quod
745 3677 785 3739 sit
798 3677 905 3740 bunum
920 3693 1075 3741 commune
1091 3693 1142 3756 per
1156 3694 1188 3740 se
1202 3686 1298 3757 patet3
1309 3693 1377 3741 curn
1393 3680 1421 3742 is
1435 3679 1470 3740 sit

303 3774 371 3836 linis
386 3775 600 3852 cuiuscumque
615 3773 777 3848 societatis,
791 3780 825 3837 ut
839 3781 1013 3851 procuretur
1034 3776 1141 3838 bonurn
1158 3775 1306 3838 sociorum
1326 3785 1471 3853 qnatenus

303 3886 355 3948 per
379 3872 549 3936 societatem
575 3889 665 3936 unum
691 3889 799 3950 corpus
824 3875 986 3936 edormant.
1008 3872 1092 3945 Quod
1116 3881 1217 3937 autern
1242 3873 1282 3934 sit
1306 3881 1469 3946 exoernurn,

302 3967 386 4031 facile
406 3969 631 4032 demonstratur.
655 3967 732 4032 Nam
754 3968 897 4032 naturalis
918 3970 984 4032 linis
998 3970 1140 4049 cuiusque
1154 3971 1196 4033 rei
1216 3986 1356 4049 superare
1371 3971 1471 4050 neqnb

303 4065 379 4135 vires
401 4066 536 4141 subiecti,
556 4069 603 4130 cui
626 4067 813 4145 proponitur;
838 4067 983 4145 siqnidem
1003 4068 1128 4132 intentio
1148 4058 1273 4135 natrrr'a‘e
1293 4069 1396 4201 nquit
1416 4085 1471 4132 non

307 4325 310 4332 ,
348 4273 383 4336 (l)
401 4273 463 4324 Vide
480 4275 638 4326 Tnennannr.
657 4279 755 4342 suppio
770 4281 801 4328 di
816 4280 921 4329 Diritto
938 4282 1075 4334 naturale,
1093 4288 1110 4329 t.
1127 4281 1145 4338 Ι,
1162 4298 1186 4345 p.
1203 4282 1230 4339 ll,
1243 4267 1353 4332 [dissert.
1369 4283 1393 4341 2.
1409 4297 1432 4331 c.
1448 4281 1471 4329 2.
