3159 4934
337 325 372 381 68
848 334 990 376 aranea

337 461 435 514 tamen
457 466 512 513 uon
534 449 663 524 excludit
684 449 755 527 quin
778 456 894 511 moveat
914 447 1044 524 scipsum
1065 461 1117 524 per
1138 445 1262 509 liberum
1283 446 1456 520 arbitrium3
1477 456 1512 509 et

257 589 259 594 -
336 549 403 612 ideo
418 564 469 627 per
484 563 568 610 suum
583 554 683 610 actum
699 553 829 609 meretur
847 545 890 609 uel
909 545 1075 607 demeretur
1095 543 1175 620 apud
1196 541 1291 605 Deum
1308 540 1358 620 (l).
1374 563 1392 599 s
1407 541 1510 616 Quare

338 649 381 710 sie
402 646 575 724 distiopocs
588 647 673 708 moi:
687 642 919 708 lustramentum
939 643 1013 705 nihil
1034 649 1163 706 meretur
1179 641 1225 705 uel
1240 642 1406 704 demeretur
1424 644 1507 720 apud

337 761 413 819 eum,
427 745 478 823 qui
500 760 533 807 eo
555 745 657 817 utitur,
673 743 698 805 si
719 750 765 805 est
785 743 1011 805 instrumentum
1033 756 1113 803 mere
1134 741 1300 820 passivum,
1315 738 1464 816 coacedo;
1480 744 1509 803 si

334 851 379 906 est
400 842 528 906 activum
551 849 581 904 et
601 841 737 921 liberum,
758 859 847 921 nepo.

381 938 475 1004 Obia‘c.
490 938 540 1004 lll.
562 937 657 1002 Homo
670 940 815 1019 quidquid
829 940 917 1003 habet
931 948 1053 1003 naturae
1067 945 1119 1001 aut
1134 938 1251 1012 virium,
1265 937 1379 1015 accepit
1397 954 1414 998 a
1430 936 1508 1000 Deo.

335 1039 415 1119 Ergo
429 1038 573 1118 quidquid
586 1038 616 1101 in
632 1035 685 1100 Dei
699 1038 873 1116 obsequium
887 1043 1036 1114 operatur,
1051 1036 1124 1098 nihil
1138 1036 1217 1097 aliud
1237 1036 1317 1109 iacit,
1331 1051 1420 1114 quam
1439 1032 1504 1098 Deo

336 1138 467 1211 reddere,
486 1136 566 1216 quod
587 1135 640 1199 llei
660 1144 714 1198 est.
736 1134 825 1214 Apud
847 1136 943 1212 ipsum
964 1135 1054 1212 igitur
1076 1135 1181 1196 mereri
1202 1149 1259 1196 uon
1281 1139 1385 1211 potest.
1578 1128 1579 1131 ’

377 1234 413 1300 R.
440 1233 531 1300 Oooc.
553 1237 618 1296 ool.
639 1241 669 1296 et
689 1231 849 1312 diaetaque
869 1250 1073 1310 consequens:
1096 1230 1178 1296 Nihil
1202 1233 1282 1294 aliud
1310 1232 1390 1305 tacit,
1410 1249 1506 1310 quam
1578 1256 1579 1323 3

337 1332 398 1397 Deo
412 1334 531 1397 reddere
545 1332 624 1411 quod
637 1333 679 1394 ita
692 1339 736 1394 est
751 1329 815 1405 Dei,
832 1338 863 1392 ut
877 1333 918 1392 sit
937 1331 1026 1393 etiam
1047 1331 1140 1408 ipsius
1162 1328 1301 1404 hominis,
1318 1348 1407 1406 cona·
1422 1331 1504 1406 quod

336 1431 377 1492 ita
398 1438 443 1492 est
464 1427 526 1503 Dei,
549 1437 580 1492 ut
600 1429 681 1492 nullo
702 1428 788 1491 modo
808 1430 847 1489 sit
867 1428 1007 1502 hominis,
1027 1447 1115 1508 nepo.

376 1527 422 1592 Ex
442 1529 603 1592 obiectione
623 1544 679 1590 uon
700 1527 781 1589 aliud
805 1527 945 1604 sequitur,
966 1526 1024 1588 uisi
1046 1542 1102 1588 uon
1124 1541 1210 1603 posse
1231 1526 1343 1588 homini
1369 1535 1510 1604 respectu

336 1629 391 1694 Dei
411 1636 576 1706 competere
596 1627 742 1705 meritum,
761 1625 926 1688 secundum
947 1624 1100 1687 absolutae
1123 1624 1258 1686 iustitiae
1286 1625 1425 1702 rigorem.
1448 1623 1509 1688 Hic

334 1727 412 1790 enim
432 1725 556 1804 requirit
577 1730 609 1786 ut
628 1725 704 1786 inter
733 1723 880 1795 terminos,
901 1737 976 1801 quos
1005 1723 1134 1800 respicit,
1164 1730 1270 1785 mutua
1300 1722 1341 1784 sit
1369 1723 1510 1799 indepen·
1579 1767 1580 1772 η

336 1824 442 1902 dantia,
456 1823 560 1886 saltem
576 1830 712 1900 respectu
726 1822 790 1884 eius
811 1822 862 1894 rei,
883 1821 912 1882 iu
933 1813 991 1899 qua
1012 1819 1087 1882 alter
1107 1820 1234 1883 alterum
1257 1820 1314 1883 sihi
1334 1821 1457 1899 obligat.
1474 1820 1509 1885 Id

336 1928 414 1985 certe
436 1928 599 1998 competere
619 1920 730 1983 homiui
752 1921 861 1999 nequit,
882 1927 1016 1996 respectu
1043 1917 1107 1981 Dei.
1129 1916 1226 2005 Homo
1254 1920 1332 1980 enim
1361 1919 1510 1997 quidquid

338 2019 477 2098 possidet,
498 2035 514 2079 a
536 2017 597 2082 Deo
617 2017 758 2097 largiente
780 2017 921 2095 suscepit,
941 2017 1095 2094 eidemque
1116 2017 1335 2094 quodammodo
1350 2018 1511 2080 restituere
1579 2021 1580 2076 3

337 2131 389 2195 per
410 2124 521 2178 rectem
543 2116 737 2192 operationem
761 2121 883 2178 tenetur.
899 2111 1100 2177 Nihilominus
1120 2129 1188 2176 cum
1209 2114 1346 2177 libertate
1361 2116 1401 2177 sit
1423 2130 1511 2192 prae·

335 2213 426 2291 ditus,
440 2227 508 2274 vere
523 2219 684 2275 auctorest
698 2219 727 2274 et
742 2212 917 2290 principium
933 2220 1052 2273 suarum
1068 2211 1228 2285 actionum,
1246 2212 1276 2274 in
1298 2212 1395 2290 iisque
1415 2228 1452 2274 ex
1476 2229 1510 2276 se

335 2311 485 2374 eliciendis
498 2309 612 2387 aliquid
624 2309 741 2387 propria
756 2309 996 2372 determinatione
1012 2309 1132 2372 confert.
1150 2306 1248 2381 Quare
1262 2309 1339 2372 inter
1361 2310 1463 2387 ipsum
1480 2319 1511 2372 et

336 2408 430 2472 Deum
445 2407 541 2486 aliqua
560 2407 714 2470 intercedit
736 2407 810 2469 ratio
831 2407 971 2481 iustitiae,
992 2423 1048 2470 nou
1070 2407 1175 2470 stricte
1196 2407 1304 2480 dictae,
1325 2409 1378 2470 sed
1400 2421 1506 2471 secun-

336 2507 406 2570 dum
426 2507 585 2586 quamdam
607 2505 837 2584 proportionem
857 2512 1002 2582 quatenns
1021 2511 1101 2567 recto
1122 2522 1180 2567 usu
1205 2505 1355 2568 libertatis
1369 2507 1462 2569 homo
1478 2523 1511 2568 se

336 2603 511 2667 determinat
531 2603 568 2665 ad
588 2605 760 2666 servandam
775 2602 870 2680 legem
884 2619 901 2664 a
917 2600 978 2666 Deo
1000 2603 1103 2675 latam,
1124 2618 1194 2665 cum
1219 2603 1311 2680 possit
1324 2605 1510 2665 contrarium

336 2700 459 2778 operari.
482 2699 624 2772 Quoniam
646 2716 715 2764 vero
735 2701 833 2764 divina
855 2701 996 2777 sapientia
1019 2700 1152 2775 dictavit,
1174 2700 1290 2764 homini
1305 2700 1349 2763 sic
1370 2702 1511 2777 operanti

298 2869 302 2884 ‚
336 2813 542 2876 responsuram
564 2813 630 2860 esse
650 2798 834 2874 adeptionem
860 2797 970 2875 proprii
997 2797 1075 2872 duis,
1096 2804 1251 2875 tamquam
1280 2799 1447 2861 mercedem
1475 2807 1506 2861 et
1577 2792 1578 2795 ’

337 2895 497 2972 praemium
513 2896 570 2972 ipsi
585 2904 825 2970 consentaneum
846 2896 918 2958 ordo
933 2895 1062 2973 postulat
1076 2904 1109 2957 ut
1123 2896 1152 2956 id
1169 2912 1272 2973 reapse
1289 2896 1412 2970 homini,
1428 2906 1514 2960 recte

335 2994 478 3070 operanti,
499 2992 580 3055 Deus
602 3001 739 3070 praestet.
754 2991 817 3056 Nec
831 3009 900 3056 uero
914 2993 1060 3056 rectitudo
1081 2994 1250 3057 essentialis
1271 2995 1388 3058 divinae
1405 2996 1514 3060 volun·
1577 3000 1578 3007 ’

337 3090 406 3152 tatis
427 3092 465 3152 ab
486 3106 519 3153 eo
540 3091 640 3154 ordine
661 3091 795 3154 recedere
817 3089 911 3154 Deum
933 3092 1013 3166 sinit,
1035 3093 1086 3168 qui
1105 3092 1313 3155 sanctissimus
1328 3101 1376 3155 est
1390 3101 1421 3156 et
1435 3112 1513 3158 suae
1577 3136 1578 3163 t

335 3187 496 3265 sapientiae
517 3188 655 3250 reluctari
676 3205 731 3252 non
753 3196 859 3266 potest.
875 3189 925 3262 Aa,
939 3197 971 3252 ut
986 3190 1111 3267 quisque
1133 3190 1222 3263 videt,
1239 3188 1319 3253 Deus
1336 3191 1365 3252 in
1380 3191 1439 3255 hoc
1454 3207 1512 3254 nou

336 3293 398 3347 tam
419 3285 540 3365 homini,
561 3302 650 3365 quam
671 3287 769 3365 potius
790 3303 862 3349 suae
883 3287 1041 3365 sapientiae
1056 3296 1087 3350 et
1101 3289 1224 3352 bonitati
1240 3289 1355 3352 debitor
1371 3291 1513 3353 efficitur.
1577 3312 1579 3361 t

730 3538 1010 3602 Aarrcucus
1046 3536 1113 3603 Vll.

778 3677 825 3742 Dc
849 3677 1064 3760 passioneius.

374 3869 421 3937 65.
444 3872 519 3956 Quid
541 3871 740 3942 sensibilitas.
762 3873 807 3939 Ex
828 3876 978 3940 intellectu
1003 3883 1034 3938 et
1054 3875 1215 3948 voluntate,
1236 3882 1373 3953 respectu
1405 3878 1514 3942 habito

334 3969 373 4031 ad
393 3971 570 4037 obiectivum
598 3973 730 4037 ordinem
757 3988 867 4047 rerum,
887 3973 1135 4052 quemadmodum
1164 3988 1254 4051 supra
1276 3973 1436 4051 explicavi,
1465 3992 1515 4038 es-

336 4068 430 4130 sentia
457 4078 542 4134 actns
562 4057 683 4136 moralis
711 4072 740 4134 iu
762 4087 793 4135 se
817 4073 1015 4136 constituitur.
1038 4069 1180 4133 Attamen
1209 4071 1298 4134 homo
1325 4085 1381 4133 nou
1412 4071 1514 4134 solum

335 4165 456 4240 ratione,
478 4171 688 4234 verumetiam
710 4169 903 4233 sensibilitate
923 4177 1046 4243 constat,
1072 4184 1149 4246 quae
1171 4168 1209 4231 ad
1233 4168 1382 4232 actionum
1402 4170 1516 4232 huma-

387 4312 421 4376 (1)
437 4313 505 4366 Loco
523 4330 600 4380 supra
616 4319 693 4367 citato
709 4320 742 4369 ad
758 4318 780 4368 2.
