3159 4934
301 341 386 385 CAPUT
404 342 420 383 1.
440 345 475 386 ott
492 344 606 387 obortus
628 346 817 391 mortemilitis
836 354 862 393 ΙΝ
882 350 965 392 STATU
985 352 1060 396 eacts
1212 340 1264 398 345

87 452 213 515 citatem
235 468 409 519 concurrere
437 464 600 533 teneantur,
622 469 656 523 ut
682 462 740 523 sibi
761 478 818 525 nou
843 472 979 541 noceant;
1001 480 1103 529 earum
1133 468 1262 545 prolecto

88 550 244 629 proprium
265 560 311 613 est
331 546 487 630 iudicium,
499 573 557 635 quo
579 558 735 622 deliniatur
753 569 853 623 utrum
875 569 918 625 tot
932 578 968 625 ac
991 562 1097 625 talium
1119 566 1262 629 mercium

86 648 217 711 invectio
243 650 287 713 vel
314 655 479 731 exportatio
505 655 579 733 ipsis
607 659 760 721 conveniet
788 674 886 721 necue.
912 658 1059 724 Iudicium
1084 661 1160 733 euim
1182 663 1262 725 circa

86 746 200 827 officia,
222 748 298 844 uude
318 750 386 828 quis
406 751 603 832 adstringitur
624 753 693 834 (nisi
714 757 749 818 de
771 756 885 820 iustitia
907 758 1056 820 evidenter
1077 758 1205 838 agatur),
1224 760 1262 822 ad

88 858 246 921 personam
260 847 397 924 pertinet,
412 865 487 928 quae
506 850 567 913 illis
581 861 712 932 urgetur,
727 869 782 916 nec
801 856 839 918 ab
859 854 916 918 3113
931 856 1068 934 usurpari
1090 865 1196 934 potest,
1210 859 1262 936 qui

87 944 177 1007 nulla
191 945 221 1007 in
233 946 327 1024 ipsam
342 950 519 1013 auctoritate
541 951 655 1029 polleat.
671 952 746 1018 (1331
767 954 859 1033 igitur
880 957 1010 1020 nationes
1028 957 1166 1036 aequales
1187 958 1263 1021 inter

87 1056 126 1103 se
140 1042 239 1105 simet
253 1053 356 1109 mutuo
370 1047 605 1127 independamus,
627 1050 697 1113 nulli
713 1052 761 1113 ius
782 1057 924 1131 competit
944 1054 1094 1117 iudicandi
1115 1057 1172 1119 bac
1186 1057 1216 1117 in
1231 1072 1262 1119 re

87 1138 300 1219 obligationem
315 1144 446 1208 alterius.
462 1142 567 1221 Quare,
582 1148 651 1211 licet
666 1149 825 1212 inhumana
844 1150 978 1214 habenda
996 1153 1043 1226 sit,
1058 1160 1088 1215 et
1108 1170 1125 1214 a
1147 1168 1261 1216 morum

89 1238 246 1301 honestate
267 1240 420 1305 discedens
441 1259 474 1305 ea
489 1246 579 1319 33113,
592 1261 667 1325 quae
689 1248 901 1333 313131331ῑί33
917 1264 1006 1312 33333
1022 1266 1080 1324 res,
1094 1264 1170 1329 quae
1184 1251 1261 1330 apud

88 1336 189 1414 ipsam
210 1339 370 1413 abundant,
385 1341 451 1403 aliis
465 1341 545 1405 iusto
561 1345 653 1421 pretio
668 1346 793 1408 vendere
813 1334 1083 1421 detrecte't‘3't'amen
1097 1365 1163 1411 eam
1178 1350 1216 1411 ad
1231 1350 1262 1411 id

88 1435 123 1495 vi
143 1450 248 1515 cogere
268 1438 412 1501 iniustum
432 1448 488 1503 est.
507 1438 706 1505 Nihilominus
728 1443 801 1506 haec
823 1444 963 1524 obligatio
983 1461 1019 1507 ex
1040 1447 1211 1524 imperfecta
1232 1447 1261 1510 iu

86 1532 251 1610 perlectam
272 1537 402 1614 migrare
422 1539 538 1618 poterit,
561 1539 617 1614 vel,
639 1548 672 1603 ut
692 1542 765 1615 dixi,
784 1551 905 1620 propter
925 1550 1087 1605 extremam
1109 1545 1155 1606 vel
1174 1546 1261 1623 quasi

84 1636 474 1711 extremammcessitatem
488 1636 621 1710 alterius,
636 1639 681 1701 vel
703 1649 823 1717 propter
837 1648 1020 1706 contractum
1035 1650 1087 1703 aut
1102 1642 1261 1719 pactiones,

85 1743 176 1805 quae,
198 1728 231 1791 u't
253 1731 415 1809 singulares
436 1734 580 1809 homiues,
601 1736 645 1799 sic
666 1737 755 1799 etiarn
776 1727 918 1811 nationes,
940 1738 1129 1817 adstringunt
1157 1756 1260 1803 severa

87 1826 204 1889 ratione
223 1828 365 1893 iustitiae.

131 1925 179 1989 Ex
199 1927 348 2012 hisquae
369 1929 447 1991 dicta
470 1938 549 2005 sunt,
564 1931 716 1995 manifeste
737 1933 926 2010 consequitur
947 1934 993 1995 ius
1015 1950 1081 1997 3333
1096 1935 1261 1999 nationibus

85 2024 182 2109 libere
201 2026 356 2088 exercendi
377 2029 586 2091 commercium
609 2037 695 2109 prout
716 2029 796 2104 libet,
811 2040 841 2093 et
861 2030 940 2107 apud
960 2047 1165 2111 quascumque
1186 2032 1261 2095 alias

87 2130 201 2202 gentes,
222 2139 298 2203 quae
320 2140 390 2188 suas
418 2142 531 2189 merces
550 2142 619 2189 cum
646 2129 712 2205 ipsa
741 2136 923 2191 commutare
951 2130 1142 2207 consentiant.
1164 2126 1261 2203 Quare

87 2223 199 2285 rationi
220 2225 434 2288 contradiceret
454 2233 483 2289 et
505 2228 552 2288 ius
573 2226 699 2290 laederet
720 2244 753 2291 33
774 2228 863 2306 natio,
885 2244 961 2306 quae
989 2228 1158 2290 commercii
1179 2244 1261 2291 exer-

86 2323 176 2387 cendi
196 2324 367 2387 facultatem
389 2326 467 2404 apud
487 2325 616 2404 aliquam
635 2334 750 2404 gentem
773 2326 829 2389 sibi
850 2326 1004 2387 dumtaxat
1026 2326 1195 2398 vindicaret,
1210 2342 1261 2387 ex·

85 2422 185 2484 clusis
199 2421 279 2495 aliis;
296 2423 353 2485 uisi
368 2422 447 2485 ider
464 2423 603 2501 peculiari
618 2432 770 2486 contractu
785 2424 845 2501 ipsi
864 2422 954 2487 libere
968 2438 1142 2486 concessum
1162 2424 1260 2486 luerit.
1352 2412 1355 2420 ’

133 2518 179 2582 11.
194 2517 396 2587 Gaulelerum
417 2517 564 2587 13331133.
580 2520 731 2600 integrum
751 2529 797 2584 est
819 2524 924 2601 cuique
942 2522 1023 2600 genti
1045 2522 1187 2583 mercium
1203 2522 1261 2584 im·

85 2619 295 2696 portationem,
316 2626 368 2680 aut
394 2619 624 2697 exportationem
654 2619 818 2698 probibere,
845 2628 908 2681 tum
936 2634 990 2697 pro
1017 2626 1159 2697 3113333
1173 2634 1259 2681 onera

82 2724 119 2779 et
135 2716 301 2801 ⁸vectigalia
312 2718 540 2802 mercatoribus
568 2718 725 2795 imponere,
746 2725 834 2795 prout
856 2719 992 2795 propriae
1014 2717 1133 2780 utilitati
1164 2719 1260 2797 magis

85 2796 253 2876 condedo
273 2814 424 2877 iudicabit.
448 2814 480 2878 13
502 2817 559 2878 boc
581 2823 677 2877 131333
697 2815 786 2877 133113
808 2815 970 2878 rationibus
991 2824 1022 2877 et
1039 2816 1199 2893 aequitatis
1219 2815 1260 2878 le·

83 2910 177 2990 gibus
197 2910 267 2974 duci
287 2912 385 2986 debet,
405 2928 440 2974 33
460 2913 498 2975 ad
518 2912 673 2976 arbitrium
695 2920 725 2974 et
745 2919 855 2975 temere
883 2915 1059 2976 commercio
1088 2912 1208 2991 pedicas
1229 2920 1258 2975 et

83 3008 296 3085 impedimenta
311 3010 432 3073 inliciat.
447 3007 569 3073 Mutuae
589 3010 665 3073 enim
683 3010 899 3074 benevolentiae
921 3008 1064 3083 officium,
1078 3026 1136 3087 quo
1158 3020 1259 3089 gemes

83 3104 323 3184 adstringuntur,
349 3109 478 3185 prolecto
508 3108 602 3185 poscit
631 3117 663 3170 ut
690 3122 834 3187 quaeque,
855 3114 998 3186 quantum
1026 3123 1095 3170 cum
1122 3109 1258 3186 propriae

82 3201 240 3266 felicitatis
260 3220 331 3267 cura
352 3205 501 3268 conciliari
523 3213 629 3283 potest,
649 3207 687 3268 ad
708 3205 917 3268 commercium
934 3207 1091 3268 fovendum
1113 3213 1142 3266 31
1164 3206 1259 3283 33331-
1350 3270 1351 3275 ,

85 3300 212 3362 tandum
233 3302 354 3375 nitatur,
375 3311 463 3381 atque
483 3303 594 3366 idcirco
616 3303 737 3365 adeius
758 3302 923 3365 libertatem
953 3289 1180 3381 promovendam
1203 3317 1256 3378 pro

83 3397 166 3460 virili
198 3415 252 3460 sua
278 3407 360 3479 parte
390 3400 529 3463 conterat.
551 3397 767 3467 commercium
799 3400 877 3462 enim
906 3400 1008 3478 procul
1041 3400 1128 3462 dubio
1162 3399 1257 3478 magis

82 3504 278 3574 prosperatur
290 3498 437 3561 libertatis
457 3514 539 3573 aura,
555 3514 643 3576 qoam
665 3499 691 3560 si
701 3483 909 3573 'multiplicatis
925 3498 1062 3560 oneribus
1077 3504 1256 3559 coarctetur.

82 3593 164 3658 Cum
185 3605 284 3657 autam
307 3596 457 3659 nationum
479 3596 665 3669 commercia,
682 3604 800 3673 propter
821 3595 956 3657 eamdem
980 3595 1134 3672 physicam
1153 3593 1258 3672 legem,

81 3709 149 3770 qua
169 3710 269 3757 omnes
297 3710 346 3757 res
365 3695 512 3757 humanae
540 3702 704 3771 moventur,
725 3692 756 3754 in
783 3691 935 3754 licentiam
956 3690 1042 3753 facile
1064 3692 1258 3769 degenereut3

81 3790 244 3870 diligenter
273 3793 438 3856 curandum
465 3800 520 3865 est,
540 3798 573 3853 ut
593 3791 723 3868 libertas,
744 3789 780 3852 da
808 3806 867 3867 qua
896 3788 967 3861 dixi,
990 3787 1097 3851 debitis
1125 3789 1259 3851 couliuiis

82 3897 235 3965 teneatur;
251 3907 287 3953 33
307 3891 486 3969 potentiores
500 3888 645 3951 industria
666 3896 718 3948 aut
739 3886 866 3963 divitiis,
881 3885 1090 3948 imbecilliores
1105 3894 1158 3947 aut
1173 3902 1259 3965 egeu-

81 3989 179 4050 tiores
199 3988 376 4066 opprimant.
399 3985 592 4050 Potissimum
614 4000 682 4048 vero
702 3992 842 4047 caveatur
864 3990 988 4060 oportet,
1010 3999 1045 4045 ne
1070 3984 1190 4045 nocivae
1213 3982 1258 4047 vel

80 4085 269 4162 periculosae
289 4086 335 4148 vel
356 4101 454 4149 mores
475 4085 598 4146 nimium
618 4080 798 4145 emollientes
824 4090 854 4143 31
881 4080 979 4142 futiles
1007 4096 1120 4143 merces
1149 4080 1260 4161 impor-

84 4190 196 4255 tantur,
210 4191 263 4245 aut
277 4184 458 4246 necessariae
471 4182 518 4244 vel
539 4181 626 4243 utiles
642 4180 708 4257 plus
726 4193 820 4256 aequo
841 4179 1046 4240 extrahantur.
1062 4175 1258 4250 Quamobrem

81 4282 296 4344 consulendum
316 4289 370 4355 est,
385 4296 420 4343 33
441 4280 505 4342 3133
525 4285 711 4358 praepostero
726 4292 783 4338 usu
805 4276 931 4339 societas
953 4290 1008 4338 non
1025 4275 1256 4339 emolumentum
