3159 4934
388 317 477 360 carun
495 320 532 360 ιιι.
551 320 585 361 uu
604 318 705 361 socrum
725 321 840 363 nurvavn
857 320 974 363 ocurrunt
1212 306 1262 363 361

134 434 219 509 Quod
240 439 339 497 autem
359 447 394 494 ex
416 431 587 495 diversitate
607 432 731 496 subiecti
753 430 821 494 finis
842 432 892 495 hic
913 434 1055 506 varietur,
1075 431 1262 510 exploratum

91 539 336 611 compertumque
355 537 409 592 est.
430 528 544 592 iunctio
563 529 642 592 enim
661 539 692 593 ct
712 531 838 594 societas
858 546 926 593 cum
941 529 971 591 id
987 537 1124 607 praestet,
1140 538 1171 591 ut
1186 530 1260 593 sub·

91 632 204 694 iactum
219 628 378 707 amplificet
389 627 487 705 quoad
503 627 581 690 vires
595 634 625 689 et
644 627 739 690 media
754 627 862 705 quibus
884 627 1053 700 instruitur;
1079 628 1158 690 huuc
1173 630 1261 690 tinem

90 730 195 801 habet,
209 734 243 788 ut
256 725 403 805 praesidia
417 724 560 803 ampliora
574 734 604 787 et
618 726 726 789 tutiora
742 725 911 804 suppeditet
925 726 963 787 ad
982 740 1136 788 commuue
1153 728 1260 789 bonum

91 826 251 901 sociorum,
270 823 348 887 unde
370 829 515 896 constant,
537 822 642 887 melius
656 824 904 903 consequendum.
922 821 999 886 Hinc
1013 824 1260 902 quemadmodum

91 925 165 986 finis
183 921 277 986 civilis
298 921 447 984 societatis
466 930 510 985 est
531 930 565 984 ut
585 920 711 985 familias
735 920 865 983 externis
887 921 1030 983 subsidiis
1044 929 1150 999 augeat
1164 922 1262 1000 quoad

92 1020 304 1084 individualem
326 1020 413 1081 tinem
439 1018 554 1098 plenius
574 1019 775 1092 obtinendum,
788 1020 845 1081 sub
859 1034 952 1096 eaque
966 1018 1195 1081 consideratione
1210 1034 1264 1097 pu·

93 1120 190 1185 blicas
210 1118 380 1181 earumdem
402 1118 558 1181 relationes
578 1118 704 1192 ordinat;
727 1119 771 1181 sic
787 1117 853 1179 linis
869 1116 1019 1179 societatis
1033 1115 1264 1179 internatioualis

91 1220 125 1281 iu
139 1220 195 1281 lnoc
209 1217 349 1293 cernitur,
365 1223 398 1295 ut
412 1216 544 1278 diversae
557 1216 690 1278 nationes
711 1216 848 1279 iuveutur
869 1214 965 1292 quoad
988 1229 1109 1292 scopum
1125 1214 1262 1279 socialem

92 1317 187 1378 tutius
207 1323 237 1377 ct
257 1313 436 1377 cumulatius
457 1313 689 1392 adipiscendum,
709 1328 820 1390 casque
840 1313 898 1375 sub
918 1310 971 1373 tali
991 1320 1113 1389 aspectu
1134 1314 1210 1376 iuter
1231 1330 1262 1379 so

91 1413 226 1476 devincit
245 1420 275 1475 et
297 1419 467 1489 temperat·
1342 1412 1345 1419 “

131 1508 211 1573 Hinc
229 1512 336 1573 iterum
357 1518 480 1588 apparet
500 1526 555 1573 cur
574 1509 704 1573 familiae
724 1511 897 1574 maturrime
910 1513 940 1574 in
955 1511 1124 1575 societatem
1145 1508 1261 1571 civilem

90 1608 247 1682 coiverint,
260 1624 315 1671 nou
329 1608 400 1669 item
414 1608 546 1671 nationes
559 1608 589 1669 iu
610 1610 781 1672 sociotatem
802 1609 1062 1672 internatioualcm.
1078 1606 1155 1671 Nam
1170 1622 1261 1669 causa

90 1705 256 1768 subiective
270 1705 422 1783 impellens
435 1713 465 1769 et
478 1705 570 1768 veluti
584 1705 724 1768 stimulus
737 1708 836 1785 quoad
857 1708 1026 1772 societatem
1047 1708 1203 1770 ineundam
1217 1715 1260 1771 est

89 1804 253 1882 indigentia
267 1806 379 1868 externi
395 1803 512 1878 auxilii;
523 1820 581 1883 qua
597 1813 676 1868 certe
690 1813 827 1883 respectu
842 1806 910 1869 linis
925 1806 1035 1884 proprii
1049 1806 1118 1883 plus
1133 1805 1261 1868 familiae

91 1901 258 1979 pulsantur,
272 1917 362 1980 quam
377 1902 518 1965 nationes.
533 1901 612 1965 lstac
626 1903 714 1975 euim,
728 1904 817 1965 etiam
840 1918 973 1967 seorsum
996 1909 1143 1982 acceptae,
1158 1903 1263 1966 maiori

89 1999 177 2077 copia
190 1998 352 2062 mediorum
363 2000 500 2062 fruuntur
512 2007 649 2078 respectu
664 2000 731 2063 finis
741 2000 863 2081 politici,
878 2016 968 2079 quam
983 2000 1113 2064 familiae
1128 2009 1261 2078 respectu

90 2098 161 2159 finis
181 2097 379 2160 individualis.
401 2094 448 2160 lix
468 2114 527 2176 quo
554 2098 663 2161 iactum
684 2106 732 2161 est
752 2106 784 2161 ut
804 2098 943 2175 familiae,
967 2106 1067 2176 utpote
1087 2100 1261 2177 egentiores,

90 2194 233 2273 impulsui
253 2202 376 2257 naturae
397 2196 490 2273 magis
504 2196 607 2258 festiue
619 2195 867 2273 obtemperarint;
882 2204 983 2259 contra
999 2196 1142 2269 nationes,
1160 2204 1261 2273 utpote

91 2293 191 2355 miuus
212 2299 339 2373 egentes,
360 2292 455 2355 cidem
477 2293 666 2356 incitamento
687 2293 783 2355 serius
804 2301 834 2356 et
856 2293 1031 2371 pedetentim
1052 2294 1199 2356 obediant.

132 2389 244 2453 Deinde
265 2391 300 2452 iit
319 2392 408 2453 etiam
434 2390 622 2453 manifestum
646 2391 864 2455 consociatione
888 2392 945 2453 lnac
969 2390 1182 2453 internatiouali
1210 2405 1260 2467 po·

90 2487 207 2551 liticam
228 2488 481 2565 independeutiam
507 2488 690 2567 singularum
718 2489 847 2567 gentium
871 2504 925 2552 oon
947 2488 1064 2563 auferri,
1089 2489 1140 2551 sed
1162 2488 1259 2565 potius

90 2586 260 2647 confirmari
280 2592 310 2648 et
331 2585 370 2647 ad
396 2587 530 2664 proprios
554 2585 664 2648 limites
684 2586 795 2649 reduci.
818 2583 849 2649 Si
870 2586 947 2649 enim
968 2587 999 2648 iu
1019 2587 1158 2649 societate
1179 2584 1258 2648 civili

88 2682 229 2757 lamiliac,
249 2699 325 2762 qrvae
346 2692 572 2763 congregantur,
592 2684 782 2747 domesticam
798 2684 1050 2762 independeutiam
1067 2683 1199 2759 retinent,
1216 2691 1260 2745 ta·

89 2779 181 2843 metsi
206 2780 342 2858 publicae
368 2782 537 2845 auctoritati
565 2782 662 2860 quoad
687 2782 843 2844 relationes
867 2781 967 2844 civiles
992 2780 1201 2855 subiiciautur;
1229 2780 1260 2843 id

90 2878 186 2941 multo
200 2878 295 2957 magis
308 2879 345 2942 de
359 2880 526 2942 nationibus
540 2880 638 2957 quoad
652 2895 752 2941 carum
775 2879 1020 2942 consociationem
1034 2878 1188 2941 dicendum
1204 2886 1258 2941 est.

89 2974 251 3039 Vinculum
272 2976 359 3054 euim,
372 2992 432 3055 quo
453 2976 622 3056 iunguntur,
645 2977 743 3038 miuus
763 2983 810 3039 cst
831 2983 959 3050 arctum;
984 2974 1051 3037 linis
1073 2991 1141 3038 vcro
1163 2993 1178 3036 a
1201 2991 1259 3053 quo

87 3089 192 3136 norma
221 3074 372 3151 regiminis
398 3076 574 3148 desumitur,
601 3074 747 3137 internam
773 3075 916 3151 cuiusque
937 3071 1115 3151 reipublicae
1135 3072 1259 3134 admini-

88 3172 260 3235 strationem
282 3173 402 3235 minimc
422 3172 598 3251 ingreditur,
611 3173 662 3234 sed
676 3173 837 3235 exteriores
858 3171 1014 3233 dumtaxat
1029 3178 1181 3250 respectus
1197 3186 1259 3233 mc·

87 3270 220 3343 deratur,
240 3271 350 3349 quihus
371 3270 504 3333 nationes
524 3270 648 3333 invicem
670 3270 847 3332 referuntur.
862 3267 1009 3331 Iudicium
1030 3277 1127 3330 autem
1143 3276 1257 3329 certum

87 3374 117 3428 et
129 3366 281 3429 criterium
295 3368 534 3447 independeutiae
548 3368 654 3431 exinde
672 3368 902 3445 nanctoacum
924 3382 995 3446 geus
1015 3367 1113 3444 aliqua
1130 3366 1257 3443 propriis

87 3464 204 3543 legibus
218 3481 249 3528 se
263 3467 415 3544 gubernet,
431 3481 483 3529 uec
497 3467 561 3529 eius
576 3474 687 3529 statuta
702 3448 799 3530 civilia
815 3483 831 3528 a
852 3467 1002 3544 superiore
1023 3464 1121 3542 aliqua
1136 3463 1256 3542 politica

86 3563 264 3625 auctoritate
285 3562 411 3625 rescindi
432 3564 555 3642 possint.
576 3563 609 3629 ld
630 3573 727 3627 autem
755 3580 807 3642 pro
828 3580 944 3644 quaque
965 3570 1050 3641 geute
1073 3570 1186 3623 sartum
1214 3569 1259 3623 te·

85 3669 228 3739 ctumque
239 3670 336 3723 manet
346 3662 375 3722 iu
387 3662 601 3725 consociatione
610 3662 839 3734 internatiouali,
852 3678 929 3740 quae
940 3660 1060 3739 proiude
1073 3659 1257 3738 singularum

83 3758 237 3820 nationum
258 3758 497 3837 independeutiae
518 3758 591 3821 uiiril
612 3760 769 3823 detrahere
789 3759 913 3822 dicenda
936 3766 990 3821 est.

127 3851 221 3917 Immo
246 3856 335 3919 etiam
356 3858 499 3919 eiusmodi
524 3857 746 3935 independeutia
767 3857 913 3919 solidatur
936 3856 1041 3933 potius,
1062 3863 1092 3918 et
1115 3854 1257 3918 validiore

82 3954 214 4032 quadam
235 3954 324 4017 tutela
346 3954 485 4017 sancitur.
508 3951 586 4015 Nam
601 3969 670 4016 cum
691 3954 805 4017 fructus
821 3953 1048 4017 consociationis
1063 3970 1119 4016 nou
1137 3953 1257 4015 iniimus

85 4053 126 4113 sit
148 4052 246 4115 cautio
268 4053 451 4130 propriorum
473 4053 591 4126 iurium,
605 4051 703 4132 quoad
722 4052 925 4115 exsistentiam
941 4052 1130 4129 potissimum
1143 4058 1174 4113 et
1188 4067 1258 4129 pro·

85 4150 251 4227 prietatem,
265 4150 432 4213 exsistentia
446 4159 544 4212 autem
559 4158 590 4212 et
604 4150 665 4213 vita
678 4150 965 4228 rerumpublicarum
981 4150 1010 4211 iu
1032 4148 1255 4227 independeutia

83 4246 242 4322 consistat;
254 4246 415 4310 luculenter
426 4255 549 4336 apparet
562 4248 599 4309 ad
611 4249 699 4310 linem
711 4246 860 4311 societatis
875 4246 1107 4309 internatioualis
1123 4247 1250 4309 maxime
