3159 4934
630 333 671 374 lUS
690 331 815 374 NATURAE
832 348 842 358 ·
861 331 929 372 PARS
946 330 972 371 ll.
990 330 1033 372 tus
1049 328 1158 372 secretu

689 555 865 622 Solvuntur
883 556 1097 640 difficultates.

347 737 396 804 37.
417 737 511 804 Obila.
524 737 547 803 Ι.
563 759 602 804 er
617 736 790 802 marcu.
806 737 847 802 Ut
860 747 958 803 status
972 739 1116 802 naturalis
1131 739 1260 805 bominis
1280 741 1483 819 dignoscatur,

308 839 406 916 ipsum
426 853 533 902 exuere
554 845 670 917 oportet
688 837 828 902 omuibus
848 837 932 900 donis
953 838 1151 914 superadditis
1163 845 1193 900 et
1206 837 1401 902 tarditatibus
1415 847 1483 902 arte

308 936 472 1016 acquisitis.
495 934 551 1000 His
573 943 672 999 numm
693 936 833 1013 demptis,
854 936 943 999 bomo
963 935 1109 1021 silvestris
1122 937 1240 1000 omnino
1256 953 1293 999 ac
1308 952 1415 1017 segrex
1429 952 1483 1015 ap-

310 1041 406 1112 paret,
426 1049 482 1097 nec
502 1033 560 1095 nisi
581 1032 798 1096 sensatioribus
819 1039 934 1095 mutum
954 1033 1127 1097 instructus.
1149 1032 1185 1097 ll.
1200 1033 1286 1098 ideae
1300 1033 1484 1098 universales

215 1157 217 1164 ·
309 1146 365 1210 ope
377 1131 520 1194 sermonis
530 1139 747 1209 comparantur.
761 1129 805 1193 At
818 1146 916 1194 sermo
928 1131 1044 1194 bomini
1056 1131 1201 1194 naturalis
1215 1147 1272 1194 nou
1285 1140 1339 1195 cst.
1351 1131 1385 1197 ln
1400 1141 1484 1196 stam

309 1231 402 1308 igitur
424 1229 550 1292 naturali
571 1228 661 1292 bomo
680 1234 761 1292 caret
780 1228 855 1290 ideis
876 1228 1101 1293 universalibus.
1115 1227 1166 1292 lli.
1181 1226 1269 1292 blulti
1289 1230 1396 1308 reperti
1413 1238 1484 1293 suut

310 1329 445 1392 homiues
466 1328 496 1391 in
518 1327 657 1415 America
671 1334 700 1389 et
714 1325 816 1390 Africa
830 1343 867 1390 ac
881 1327 954 1391 loeis
970 1327 1036 1405 poio
1050 1329 1193 1406 proximis
1214 1327 1379 1392 belluarum
1400 1345 1484 1393 more

311 1427 452 1502 viventes,
474 1425 537 1488 sine
558 1425 709 1504 religione,
732 1426 795 1487 sine
816 1425 940 1503 legibus,
960 1427 1023 1488 siue
1044 1426 1190 1499 moribus;
1216 1427 1384 1491 cuiusmodi
1411 1437 1485 1490 suut

311 1523 474 1598 Honores,
487 1521 668 1596 Huteutotti,
683 1521 817 1601 luponii,
832 1523 949 1602 aliique.
971 1523 1014 1586 At
1033 1524 1065 1586 bi
1086 1525 1117 1587 in
1136 1531 1216 1587 statu
1233 1525 1362 1589 naturali
1383 1541 1486 1588 mane·

310 1623 390 1686 bant
412 1620 493 1700 Ergo
513 1629 610 1684 status
630 1621 775 1684 naturalis
796 1621 923 1684 bominis
943 1638 961 1683 a
983 1621 1111 1685 belluino
1131 1622 1251 1685 minime
1272 1623 1381 1685 didere

350 1719 389 1784 R.
403 1719 436 1784 lu
452 1720 556 1798 primis
570 1718 679 1782 falsum
694 1727 739 1782 est
753 1719 919 1782 exuendum
933 1736 1000 1783 esse
1014 1722 1162 1783 bominem
1177 1723 1313 1784 omuibus
1328 1723 1486 1800 perfectio

309 1821 398 1884 nibus
411 1829 475 1882 arte
489 1819 653 1898 acquisitis,
669 1826 702 1881 ut
717 1827 814 1882 status
834 1821 898 1883 eius
912 1820 1055 1883 naturalis
1069 1820 1313 1898 deprehendatur.
1330 1818 1484 1884 Haeenim

311 1920 338 1982 si
368 1918 497 1980 bominis
527 1923 649 1979 naturae
675 1927 743 1980 suut
768 1925 979 1980 consentaneae
1002 1926 1032 1980 et
1054 1933 1091 1980 ex
1123 1918 1278 1996 principiis
1307 1917 1486 1982 evolvuntur

311 2015 406 2078 eidem
427 2014 538 2087 inditis,
559 2013 724 2076 naturalem
740 2015 838 2092 potius
851 2015 917 2078 eius
934 2023 1046 2078 statum
1067 2016 1260 2078 constituunt.
1281 2013 1386 2078 Status
1405 2017 1483 2078 enim

311 2112 459 2177 naturalis
479 2111 528 2174 ille
549 2119 604 2185 cst,
624 2111 674 2190 qui
696 2127 714 2173 a
736 2112 890 2191 principiis
911 2121 1032 2175 naturae
1056 2113 1196 2190 procedit,
1217 2121 1247 2175 et
1267 2114 1306 2176 ad
1325 2131 1415 2192 quem
1437 2132 1483 2182 res

311 2213 407 2278 omnis
428 2228 445 2274 a
466 2217 573 2274 natura
594 2210 746 2274 ordinatur
760 2218 791 2273 et
809 2220 1004 2289 promovetur.
1023 2209 1133 2274 Deinde
1153 2212 1269 2274 etiamsi
1291 2228 1346 2290 ope
1367 2215 1486 2277 abstra-

311 2312 418 2375 ctionis
439 2312 529 2373 bomo
549 2317 676 2372 exuatur
697 2309 925 2386 perfectionibus
946 2318 1009 2372 arte
1030 2309 1195 2387 acquisitis,
1217 2325 1273 2372 non
1295 2319 1394 2374 manen
1415 2313 1485 2375 taiis

312 2418 456 2489 superest,
471 2407 590 2488 qualem
612 2406 766 2472 Rousseau
781 2407 1021 2469 comminiscitur.
1037 2405 1103 2470 Non
1116 2408 1195 2470 enim
1210 2407 1271 2471 sola
1288 2409 1484 2474 sensibilitate

311 2515 448 2572 ornatum
465 2521 497 2569 se
510 2507 607 2578 offert,
621 2504 673 2567 sed
687 2505 775 2567 etiam
792 2505 913 2582 ratione,
928 2520 1005 2583 quae
1022 2504 1190 2567 essentialis
1209 2506 1321 2569 bomini
1341 2516 1404 2584 est3
1420 2516 1484 2570 tum

310 2606 400 2670 etiam
415 2611 550 2685 superest
571 2603 697 2666 societas
719 2603 890 2676 domestica,
904 2603 968 2666 siue
986 2618 1047 2682 qua
1068 2605 1157 2671 bomo
1176 2619 1230 2667 nec
1247 2606 1329 2668 nasci
1347 2621 1402 2670 uec
1415 2623 1485 2671 con·

312 2705 424 2768 servari
446 2710 552 2781 potest,
572 2709 661 2780 atque
681 2701 768 2763 insita
791 2701 945 2780 propensio
964 2701 1004 2763 ad
1023 2701 1177 2764 civitatem
1197 2703 1419 2766 efformandam.

351 2801 400 2864 Ad
421 2800 584 2864 secuudum
605 2800 785 2878 reponimus,
808 2808 965 2876 utrumque
985 2815 1001 2860 a
1027 2799 1151 2861 veritate
1180 2800 1321 2862 delicere:
1344 2801 1483 2864 nimirum

311 2896 393 2960 ideas
408 2896 558 2976 generales
572 2912 589 2957 a
605 2910 739 2959 sermone
755 2898 890 2975 pendere,
903 2904 933 2959 et
948 2912 1111 2960 sermonem
1124 2898 1236 2960 bomini
1249 2899 1417 2960 naturalem
1427 2913 1483 2962 uon

311 3009 385 3056 esse.
399 2991 535 3056 idearum
548 2995 628 3056 enim
643 2995 850 3057 universalitas
863 3009 920 3056 uon
935 3012 952 3056 a
967 2995 1097 3071 vocibus,
1109 3011 1185 3073 quae
1195 2995 1278 3058 ideas
1288 2997 1483 3070 subaudiunt,

312 3091 363 3153 sed
383 3104 421 3154 ex
440 3085 639 3159 abstractione
660 3093 764 3166 orbor,
785 3104 862 3170 quac
881 3092 1006 3155 facultas
1020 3093 1057 3154 ad
1071 3092 1294 3171 intelligentiam
1311 3095 1439 3172 pertinet
1451 3104 1485 3158 et

313 3205 369 3253 nou
389 3189 536 3268 loquelam
558 3189 610 3252 sed
630 3191 737 3254 obiecti
759 3190 973 3268 perceptionem
993 3192 1132 3267 reposcit.
1155 3187 1368 3255 Sermocinatio
1382 3201 1485 3255 autem

299 3287 387 3367 ”opus
406 3295 529 3350 naturae
550 3293 605 3359 est,
625 3302 703 3365 quac
730 3302 840 3367 organa
868 3287 905 3349 ad
933 3287 1107 3350 articulatas
1125 3303 1214 3352 voces
1241 3289 1370 3352 edendas
1395 3289 1486 3353 uobis

312 3387 514 3464 conformavit,
535 3393 565 3448 et
588 3385 648 3446 vim
670 3388 816 3449 concessit
835 3386 1001 3449 associandi
1024 3386 1106 3450 ideas
1127 3402 1197 3449 cum
1219 3387 1322 3466 signis.

352 3482 456 3558 Quoad
470 3483 599 3561 tertium,
614 3496 699 3545 nemo
712 3491 756 3546 est
770 3485 822 3561 qui
841 3499 897 3546 uon
919 3483 1028 3547 sentiat
1041 3473 1071 3546 in
1086 3485 1233 3562 praesenti
1255 3485 1397 3549 bistoriae
1418 3485 1486 3551 luce

312 3581 527 3646 Rousscavium
543 3579 733 3643 caecutirem
748 3580 940 3644 describenda
955 3581 1121 3644 conditione
1134 3597 1238 3644 earum
1253 3583 1395 3660 gentium.
1418 3581 1485 3647 Etsi

312 3679 389 3742 enim
410 3675 479 3740 illae
500 3677 635 3740 barbaris
655 3678 787 3740 moribus
809 3685 946 3752 utuntur3
967 3679 1047 3742 baud
1068 3686 1167 3741 tamen
1188 3695 1223 3742 ea
1245 3680 1422 3758 stupiditate
1441 3681 1485 3742 la·

313 3776 426 3851 borant,
447 3791 537 3854 quam
558 3774 634 3853 ipsis
655 3774 802 3838 fabulator
815 3781 915 3838 noster
935 3776 1078 3854 appingit
1101 3774 1179 3839 Nam
1194 3785 1275 3840 certe
1288 3778 1414 3842 rationis
1427 3795 1484 3841 usu

314 3873 459 3946 fruuntur,
474 3889 509 3936 ac
523 3870 576 3936 Dei
591 3872 726 3951 legisque
746 3879 870 3936 naturae
890 3873 1049 3947 notionem,
1063 3881 1226 3954 utcumque
1239 3875 1435 3954 depravatam
1453 3885 1486 3940 et

314 3972 462 4036 erroribus
476 3972 647 4052 implexam,
661 3971 791 4049 aliquam
807 3980 904 4035 tamen
920 3972 1077 4050 possident,
1092 3982 1122 4036 et
1139 3976 1288 4039 consortio
1309 3992 1366 4040 uon
1387 3976 1486 4040 solum

315 4066 473 4132 domestico
493 4071 544 4133 sed
564 4073 664 4144 etiam,
685 4085 721 4132 ex
743 4077 827 4148 parte
847 4068 964 4144 saltem,
985 4068 1106 4148 politico
1126 4073 1324 4136 continentur.
1345 4070 1485 4138 Ceterum

315 4163 458 4241 quidquid
479 4167 517 4228 sit
538 4167 574 4230 de
595 4157 716 4230 miseris
732 4165 878 4230 eiusmodi
898 4168 1079 4241 nationibus,
1094 4162 1278 4247 probandum
1293 4179 1373 4234 esset
1387 4169 1486 4236 Rous-

316 4261 415 4354 seavio
434 4277 535 4325 earum
557 4263 750 4327 conditionem
772 4263 936 4326 naturalem
950 4280 1017 4328 esse
1029 4274 1061 4329 ct
1073 4274 1131 4330 'non
1147 4268 1249 4345 potins
1264 4283 1417 4332 recessum
1437 4269 1486 4332 de
