3159 4934
417 340 502 383 urrur
520 342 544 383 u.
564 342 598 383 uu
616 336 721 383 urricus
739 338 844 382 uournrs
862 340 932 381 nnus
950 338 1022 381 nanu
1195 388 1199 394 ,
1253 326 1306 380 tto

179 456 216 521 R.
229 452 403 535 Distingno
417 454 616 519 antecedens:
631 454 710 519 Solet
723 454 862 518 revelatio
876 456 1039 532 nuncupari
1053 456 1221 534 improprie,
1235 474 1305 519 can·

133 554 226 631 aedo;
240 556 368 634 proprie,
382 573 468 634 nega.

178 650 253 715 Cum
275 652 372 715 lumen
393 652 601 732 intelligentiae
621 659 736 715 nostrae
758 652 798 729 sit
817 652 1005 729 participatio
1019 652 1163 729 quaedam
1184 652 1305 715 luminis

135 750 284 823 diripiet
306 748 395 829 Deus,
411 766 464 813 ceu
487 746 656 828 principalis
677 766 776 824 eausa,
798 750 828 810 in
849 749 912 811 eius
933 749 1127 827 explicatione
1147 758 1305 827 operetur3

136 847 210 909 hine
230 846 332 909 notitia
346 848 435 909 etiam
457 864 565 920 rerum,
579 863 669 926 quam
690 846 863 909 naturaliter
878 847 1072 925 acquirimus,
1087 847 1161 909 salet
1174 848 1305 927 quaudo-

137 961 199 1023 que
220 945 357 1023 appellari
379 946 525 1008 revelatio.
542 946 584 1007 At
598 945 628 1007 id
643 945 750 1007 dieitur
771 944 869 1005 miuus
890 944 1016 1022 proprie,
1037 952 1071 1006 ut
1091 945 1306 1009 demonstravi-

138 1056 211 1104 mus
229 1042 258 1103 in
278 1042 374 1117 thesi;
395 1058 430 1104 aa
452 1044 571 1119 proinde
595 1043 632 1105 ad
658 1043 880 1119 ambiguitatem
906 1042 1064 1104 tollendam
1088 1042 1207 1121 adiungi
1233 1043 1307 1107 solet

141 1140 309 1217 appositum
329 1140 498 1216 naturalis,
515 1146 548 1201 ut
569 1140 613 1202 sic
634 1156 651 1201 a
674 1140 790 1217 propria
811 1139 987 1221 revelatione
1007 1139 1216 1219 distinguatur,
1230 1157 1306 1219 quae

137 1252 265 1314 semper,
285 1238 395 1299 ratione
417 1236 522 1299 saltem
542 1234 644 1314 rnedc'i,
660 1236 891 1314 supernaturalis
911 1245 965 1299 est.
987 1234 1061 1299 Cum
1083 1246 1182 1299 numm
1202 1253 1237 1300 aa
1258 1240 1306 1299 de

137 1334 300 1396 nominatio
321 1349 422 1411 presse
443 1335 579 1413 sumitur,
601 1334 713 1397 nonnisi
734 1335 772 1394 iis
794 1335 969 1397 veritatibus
989 1338 1140 1412 competit,
1160 1352 1236 1414 quae
1257 1352 1307 1413 per

138 1431 271 1493 divinam
293 1432 557 1495 manifestationem
577 1432 661 1495 nobis
680 1433 873 1496 innotescunt.

180 1526 341 1591 Instatis:
357 1527 436 1593 Deus
456 1530 612 1592 invisibilis
633 1541 688 1592 est.
709 1528 790 1608 Ergo
811 1531 1029 1593 communicare
1049 1532 1151 1609 nequit
1171 1547 1239 1593 oum
1254 1533 1307 1594 ho-

139 1626 220 1689 mine
240 1627 337 1704 quoad
358 1627 622 1691 manifestationem
644 1628 788 1690 veritatis.
842 1680 846 1686 .

183 1722 220 1786 R.
237 1722 393 1787 Transeat
412 1723 646 1803 nannetense
666 1742 743 1803 nega
764 1740 961 1803 consequens.

183 1819 295 1885 Omitto
316 1823 392 1899 quad
414 1820 502 1897 Deus,
515 1824 580 1885 ,atsi
601 1825 631 1884 iu
652 1838 683 1885 se
703 1823 742 1883 sit
762 1822 930 1896 invisibilis,
952 1829 1048 1885 minen
1070 1839 1122 1901 per
1142 1823 1306 1886 salvificum

139 1920 350 1983 incarnationis
363 1921 537 1998 mysterium
552 1919 677 1983 visibilis
690 1921 787 1981 tactus
803 1929 849 1982 est
862 1918 913 1997 (in
929 1920 1022 1981 terris
1035 1920 1123 1981 otsns
1136 1924 1183 1981 est
1196 1924 1228 1983 et
1240 1938 1309 1983 anm

138 2014 316 2081 haminibus
343 2020 543 2080 eononsatas
564 2021 611 2079 est
632 2016 685 2097 tl),
713 2032 768 2079 non
793 2018 1020 2081 identificatione
1047 2018 1211 2081 divinitatis
1242 2034 1310 2082 oum

138 2116 237 2179 torma
258 2122 379 2178 naturae
399 2117 555 2193 humanae,
569 2122 602 2176 ut
621 2116 757 2192 imperite
770 2115 866 2177 effutit
887 2114 1006 2177 Abrens
1021 2111 1077 2194 (Ι),
1092 2116 1143 2177 sed
1163 2116 1309 2177 iunctione

140 2213 298 2291 utriusque
319 2220 442 2275 naturae
463 2213 492 2274 in
516 2213 657 2274 unitatem
678 2228 836 2289 personae;
857 2212 909 2273 sed
930 2220 1009 2275 certe
1029 2211 1120 2287 Deus,
1137 2214 1310 2291 congruenti

141 2312 232 2373 moda
252 2310 455 2372 manifestandi
479 2312 644 2384 veritatem,
665 2326 754 2388 quam
775 2310 962 2372 manifestare
983 2309 1055 2384 vult,
1075 2326 1176 2373 carere
1200 2312 1308 2387 nequit.

141 2407 206 2482 Sia,
227 2416 258 2471 ut
279 2407 406 2489 aliquem
428 2409 556 2481 ianuam,
577 2408 687 2485 optime
711 2416 809 2485 posset
830 2408 859 2469 iu
884 2408 949 2483 ipsa
970 2407 1160 2485 intelligentia
1183 2407 1311 2469 hominis

141 2506 315 2569 immediate
335 2507 451 2584 operari
472 2513 502 2567 et
522 2505 612 2578 ideas,
626 2521 702 2582 quae
715 2522 751 2567 ex
766 2505 998 2568 consideratione
1015 2511 1135 2566 naturae
1155 2518 1211 2566 uon
1231 2505 1312 2566 efflo-

143 2612 273 2679 restant,
287 2596 426 2677 excitare,
440 2606 593 2682 ipsamque
613 2603 765 2665 certiorem
787 2604 902 2665 efficere
917 2616 949 2663 se
964 2608 1033 2663 tuno
1045 2600 1187 2662 divinitus
1204 2601 1308 2663 afflari.

143 2700 252 2765 Posset
272 2704 360 2765 etiam
382 2718 434 2779 per
454 2701 611 2780 Angelum,
633 2699 734 2761 sensili
754 2701 848 2763 torma
869 2699 1014 2772 indutum,
1034 2698 1168 2762 homines
1192 2699 1312 2778 alloqui,

142 2808 200 2865 aut
214 2799 361 2863 sensibilia
376 2800 521 2877 quaedam
543 2799 625 2877 signa
641 2797 774 2871 condere,
788 2806 841 2859 aut
860 2797 919 2858 iam
939 2796 1066 2859 conditis
1080 2797 1133 2870 uti,
1147 2796 1185 2859 ad
1199 2797 1310 2876 aliquid

142 2898 334 2972 innuendum,
349 2904 378 2959 et
393 2896 481 2959 simul
503 2896 646 2975 prodigiis
660 2894 707 2957 vel
723 2895 896 2973 prophetiis,
909 2896 996 2971 quasi
1011 2894 1128 2972 propria
1148 2911 1201 2958 suo
1215 2896 1310 2975 sigillo

121 3052 124 3058 ,
142 2996 408 3059 manifestationem
429 2994 511 3057 illam
536 3010 553 3055 a
582 3010 613 3055 se
632 2994 741 3056 lectam
763 2993 927 3071 obsignare.
949 2992 997 3054 An
1019 3001 1157 3070 putamus
1182 2994 1309 3057 divinam

143 3094 320 3174 potentiam,
340 3108 416 3171 quae
435 3108 534 3154 rerum
555 3092 776 3154 universitatem
797 3106 814 3153 e
833 3091 925 3153 nihilo
946 3091 1086 3165 condidit,
1106 3107 1212 3171 easque
1238 3100 1312 3154 tam·
1377 3099 1379 3102 ’

142 3208 237 3272 quam
267 3192 348 3269 signa
378 3190 540 3263 coustituit,
565 3190 672 3267 quibus
699 3190 815 3251 divinae
841 3188 923 3250 ideae
950 3189 1033 3251 nabis
1062 3190 1240 3266 patelierent,
1267 3190 1309 3250 ita

143 3272 323 3355 exhaustam
338 3304 413 3362 esse,
429 3295 462 3348 ut
478 3288 504 3348 si
525 3285 605 3347 aliud
619 3286 844 3364 significandum
866 3286 951 3349 uobis
966 3287 1015 3363 sit,
1037 3295 1151 3364 praeter
1165 3286 1310 3349 constabi-

143 3390 233 3450 litum
255 3387 397 3459 ordinem,
418 3386 448 3447 id
468 3386 584 3448 efficere
604 3400 660 3447 uon
681 3384 808 3462 amplius
828 3385 947 3446 valeat?

196 3483 284 3548 onte.
307 3482 343 3549 ll.
361 3482 553 3546 Characteres
574 3483 760 3545 revelationis
782 3482 1005 3545 characteribus
1018 3482 1140 3544 rationis
1154 3481 1311 3543 adversan-

148 3592 210 3646 tur.
234 3580 309 3645 Nam
337 3583 369 3644 hi
393 3582 423 3643 iu
448 3581 592 3653 libertate,
616 3580 806 3658 inquisitione
830 3586 861 3641 et
884 3579 987 3653 dubio;
1013 3578 1055 3639 illi
1080 3579 1109 3639 in
1131 3578 1312 3641 subiectione

147 3680 255 3744 mentis
276 3689 305 3743 et
326 3694 463 3743 assensus
487 3677 648 3740 stabilitate
669 3686 857 3756 reponuntur.

190 3776 227 3842 R.
243 3776 333 3858 Nego
344 3784 500 3840 assartum.
513 3777 560 3838 Ad
577 3776 658 3853 prob.
674 3775 756 3837 dist:
771 3774 803 3839 ln
820 3775 966 3847 libertate,
980 3772 1166 3851 inquisitione
1179 3780 1210 3834 et
1222 3772 1314 3835 dubio

143 3885 340 3955 reponuntur,
355 3876 445 3937 donea
466 3888 549 3937 meus
571 3873 721 3951 perveniat
734 3873 771 3935 ad
793 3873 934 3935 motivum
954 3871 1072 3931 firmum
1093 3869 1141 3931 cui
1162 3870 1314 3943 inuitatur,
1421 3948 1428 3955 .

142 3993 241 4050 cona;
263 3990 330 4037 oum
352 3975 411 4036 iam
432 3972 470 4034 ad
491 3974 548 4034 hoa
569 3973 710 4034 motivum
733 3972 905 4047 pervenerit,
918 3984 1004 4046 nepa.

197 4222 233 4287 (l)
248 4221 395 4285 Prophetia
410 4220 522 4269 Bnauan
537 4218 577 4274 ΙΙΙ,
593 4216 630 4266 38,

197 4303 233 4363 (2)
253 4304 338 4353 donas
354 4304 385 4351 tte
400 4302 474 4349 droit
488 4298 606 4352 nataret,
623 4298 677 4346 loco
693 4310 769 4359 super
783 4296 860 4345 citato

214 4410 386 4461 Lrsnnaroan
396 4434 428 4449 -
440 4410 550 4459 Ettrieae
565 4414 590 4465 et
605 4406 677 4455 turis
693 4411 820 4454 naturae.
