<?xml version="1.0" encoding="UTF-8"?>
<!DOCTYPE html PUBLIC "-//W3C//DTD XHTML 1.0 Transitional//EN"
    "http://www.w3.org/TR/xhtml1/DTD/xhtml1-transitional.dtd">
<html xmlns="http://www.w3.org/1999/xhtml" xml:lang="en" lang="en">
 <head>
  <title>
</title>
<meta http-equiv="Content-Type" content="text/html;charset=utf-8" />
  <meta name='ocr-system' content='tesseract 3.04.00' />
  <meta name='ocr-capabilities' content='ocr_page ocr_carea ocr_par ocr_line ocrx_word'/>
</head>
<body>
  <div class='ocr_page' id='page_1' title='image "./institutioneset00libegoog_0339.png"; bbox 0 0 3159 4934; ppageno 0'>
   <div class='ocr_carea' id='block_1_1' title="bbox 317 342 1486 413">
    <p class='ocr_par' dir='ltr' id='par_1_1' title="bbox 317 342 1486 413">
     <span class='ocr_line' id='line_1_1' title="bbox 317 342 1486 413; baseline -0.001 -14"><span class='ocrx_word' id='word_1_1' title='bbox 317 342 372 399; x_wconf 80' lang='lat' dir='ltr'><strong>tat</strong></span> <span class='ocrx_word' id='word_1_2' title='bbox 389 355 432 399; x_wconf 86' lang='lat' dir='ltr'><strong>ms</strong></span> <span class='ocrx_word' id='word_1_3' title='bbox 449 355 575 399; x_wconf 77' lang='lat' dir='ltr'><strong>marones</strong></span> <span class='ocrx_word' id='word_1_4' title='bbox 592 372 602 382; x_wconf 93' lang='lat'><strong>·</strong></span> <span class='ocrx_word' id='word_1_5' title='bbox 614 356 684 401; x_wconf 81' lang='lat' dir='ltr'><strong>rans</strong></span> <span class='ocrx_word' id='word_1_6' title='bbox 695 354 720 397; x_wconf 89' lang='lat' dir='ltr'><strong>u.</strong></span> <span class='ocrx_word' id='word_1_7' title='bbox 732 356 773 400; x_wconf 87' lang='lat' dir='ltr'><strong>rus</strong></span> <span class='ocrx_word' id='word_1_8' title='bbox 782 355 912 399; x_wconf 83' lang='lat' dir='ltr'><strong>socmtn·</strong></span> <span class='ocrx_word' id='word_1_9' title='bbox 925 357 1010 399; x_wconf 80' lang='lat' dir='ltr'><strong>carun</strong></span> <span class='ocrx_word' id='word_1_10' title='bbox 1022 355 1056 398; x_wconf 91' lang='lat' dir='ltr'><strong>m.</strong></span> <span class='ocrx_word' id='word_1_11' title='bbox 1068 357 1103 399; x_wconf 84' lang='lat' dir='ltr'><strong>nn</strong></span> <span class='ocrx_word' id='word_1_12' title='bbox 1115 356 1256 399; x_wconf 75' lang='lat' dir='ltr'><strong>sommam</strong></span> <span class='ocrx_word' id='word_1_13' title='bbox 1268 358 1414 413; x_wconf 81' lang='lat' dir='ltr'><strong>nnnrnrosn,</strong></span> <span class='ocrx_word' id='word_1_14' title='bbox 1424 359 1486 401; x_wconf 82' lang='lat' dir='ltr'><strong>nno.</strong></span> 
     </span>
    </p>
   </div>
   <div class='ocr_carea' id='block_1_2' title="bbox 315 468 1491 1627">
    <p class='ocr_par' dir='ltr' id='par_1_2' title="bbox 315 468 1491 1627">
     <span class='ocr_line' id='line_1_2' title="bbox 316 468 1487 548; baseline 0.001 -16"><span class='ocrx_word' id='word_1_15' title='bbox 316 469 491 548; x_wconf 78' lang='lat' dir='ltr'><strong>cuiuspiam,</strong></span> <span class='ocrx_word' id='word_1_16' title='bbox 506 484 559 532; x_wconf 87' lang='lat' dir='ltr'><strong>ner</strong></span> <span class='ocrx_word' id='word_1_17' title='bbox 579 468 748 532; x_wconf 77' lang='lat' dir='ltr'><strong>facultatem</strong></span> <span class='ocrx_word' id='word_1_18' title='bbox 771 470 875 532; x_wconf 75' lang='lat' dir='ltr'>tribuit</span> <span class='ocrx_word' id='word_1_19' title='bbox 889 468 1018 532; x_wconf 89' lang='lat' dir='ltr'><strong>subditis</strong></span> <span class='ocrx_word' id='word_1_20' title='bbox 1040 469 1225 533; x_wconf 84' lang='lat' dir='ltr'><strong>examinandi</strong></span> <span class='ocrx_word' id='word_1_21' title='bbox 1246 469 1310 533; x_wconf 90' lang='lat' dir='ltr'><strong>eins</strong></span> <span class='ocrx_word' id='word_1_22' title='bbox 1332 470 1487 544; x_wconf 85' lang='lat' dir='ltr'><strong>mandata,</strong></span> 
     </span>
     <span class='ocr_line' id='line_1_3' title="bbox 316 567 1488 663; baseline 0.002 -34"><span class='ocrx_word' id='word_1_23' title='bbox 316 575 474 647; x_wconf 88' lang='lat' dir='ltr'><strong>antequam</strong></span> <span class='ocrx_word' id='word_1_24' title='bbox 495 567 694 646; x_wconf 87' lang='lat' dir='ltr'><strong>publicentur;</strong></span> <span class='ocrx_word' id='word_1_25' title='bbox 715 584 803 631; x_wconf 88' lang='lat' dir='ltr'><strong>secus</strong></span> <span class='ocrx_word' id='word_1_26' title='bbox 823 568 919 631; x_wconf 88' lang='lat' dir='ltr'><strong>omnis</strong></span> <span class='ocrx_word' id='word_1_27' title='bbox 939 568 1011 631; x_wconf 90' lang='lat' dir='ltr'><strong>ordo</strong></span> <span class='ocrx_word' id='word_1_28' title='bbox 1031 568 1223 631; x_wconf 88' lang='lat' dir='ltr'><strong>subiectionis</strong></span> <span class='ocrx_word' id='word_1_29' title='bbox 1251 569 1488 663; x_wconf 73' lang='lat' dir='ltr'><strong>subverteretur.</strong></span> 
     </span>
     <span class='ocr_line' id='line_1_4' title="bbox 316 664 1491 745; baseline 0.001 -16"><span class='ocrx_word' id='word_1_30' title='bbox 316 664 449 729; x_wconf 86' lang='lat' dir='ltr'><strong>Iamvero</strong></span> <span class='ocrx_word' id='word_1_31' title='bbox 476 673 612 745; x_wconf 85' lang='lat' dir='ltr'><strong>respectu</strong></span> <span class='ocrx_word' id='word_1_32' title='bbox 634 664 786 729; x_wconf 86' lang='lat' dir='ltr'><strong>Pontificis</strong></span> <span class='ocrx_word' id='word_1_33' title='bbox 813 674 866 728; x_wconf 88' lang='lat' dir='ltr'><strong>aut</strong></span> <span class='ocrx_word' id='word_1_34' title='bbox 887 664 1098 744; x_wconf 80' lang='lat' dir='ltr'><strong>Episcopomm</strong></span> <span class='ocrx_word' id='word_1_35' title='bbox 1125 682 1182 731; x_wconf 92' lang='lat' dir='ltr'><strong>non</strong></span> <span class='ocrx_word' id='word_1_36' title='bbox 1210 667 1298 731; x_wconf 88' lang='lat' dir='ltr'><strong>modo</strong></span> <span class='ocrx_word' id='word_1_37' title='bbox 1325 668 1406 731; x_wconf 85' lang='lat' dir='ltr'><strong>cives</strong></span> <span class='ocrx_word' id='word_1_38' title='bbox 1437 668 1491 730; x_wconf 84' lang='lat' dir='ltr'><strong>sed</strong></span> 
     </span>
     <span class='ocr_line' id='line_1_5' title="bbox 317 763 1490 840; baseline 0.003 -16"><span class='ocrx_word' id='word_1_39' title='bbox 317 763 464 840; x_wconf 80' lang='lat' dir='ltr'><strong>principes</strong></span> <span class='ocrx_word' id='word_1_40' title='bbox 477 764 566 827; x_wconf 82' lang='lat' dir='ltr'><strong>etium</strong></span> <span class='ocrx_word' id='word_1_41' title='bbox 587 771 617 826; x_wconf 93' lang='lat' dir='ltr'><strong>et</strong></span> <span class='ocrx_word' id='word_1_42' title='bbox 638 772 699 826; x_wconf 92' lang='lat' dir='ltr'><strong>tota</strong></span> <span class='ocrx_word' id='word_1_43' title='bbox 715 763 841 827; x_wconf 85' lang='lat' dir='ltr'><strong>societas</strong></span> <span class='ocrx_word' id='word_1_44' title='bbox 860 764 891 826; x_wconf 91' lang='lat' dir='ltr'><strong>in</strong></span> <span class='ocrx_word' id='word_1_45' title='bbox 904 765 1091 828; x_wconf 87' lang='lat' dir='ltr'><strong>subditorum</strong></span> <span class='ocrx_word' id='word_1_46' title='bbox 1107 780 1226 828; x_wconf 91' lang='lat' dir='ltr'><strong>numero</strong></span> <span class='ocrx_word' id='word_1_47' title='bbox 1247 766 1404 829; x_wconf 89' lang='lat' dir='ltr'><strong>habentur.</strong></span> <span class='ocrx_word' id='word_1_48' title='bbox 1420 763 1490 829; x_wconf 90' lang='lat' dir='ltr'><strong>Non</strong></span> 
     </span>
     <span class='ocr_line' id='line_1_6' title="bbox 316 848 1490 941; baseline 0.004 -19"><span class='ocrx_word' id='word_1_49' title='bbox 316 860 409 939; x_wconf 78' lang='lat' dir='ltr'><strong>igitur</strong></span> <span class='ocrx_word' id='word_1_50' title='bbox 421 861 471 923; x_wconf 89' lang='lat' dir='ltr'><strong>ius</strong></span> <span class='ocrx_word' id='word_1_51' title='bbox 492 861 584 924; x_wconf 91' lang='lat' dir='ltr'><strong>ullum</strong></span> <span class='ocrx_word' id='word_1_52' title='bbox 599 848 749 926; x_wconf 79' lang='lat' dir='ltr'><strong>vindicare</strong></span> <span class='ocrx_word' id='word_1_53' title='bbox 770 862 829 925; x_wconf 87' lang='lat' dir='ltr'><strong>sibi</strong></span> <span class='ocrx_word' id='word_1_54' title='bbox 844 870 966 941; x_wconf 81' lang='lat' dir='ltr'><strong>possunt</strong></span> <span class='ocrx_word' id='word_1_55' title='bbox 987 862 1194 941; x_wconf 85' lang='lat' dir='ltr'><strong>praepediendi</strong></span> <span class='ocrx_word' id='word_1_56' title='bbox 1207 878 1310 926; x_wconf 88' lang='lat' dir='ltr'><strong>eorum</strong></span> <span class='ocrx_word' id='word_1_57' title='bbox 1328 864 1490 927; x_wconf 83' lang='lat' dir='ltr'><strong>ordinatio·</strong></span> 
     </span>
     <span class='ocr_line' id='line_1_7' title="bbox 315 959 1489 1039; baseline 0.002 -19"><span class='ocrx_word' id='word_1_58' title='bbox 315 973 381 1032; x_wconf 80' lang='lat' dir='ltr'><strong>nes3</strong></span> <span class='ocrx_word' id='word_1_59' title='bbox 395 959 447 1021; x_wconf 87' lang='lat' dir='ltr'><strong>sed</strong></span> <span class='ocrx_word' id='word_1_60' title='bbox 469 966 592 1033; x_wconf 87' lang='lat' dir='ltr'><strong>tantum,</strong></span> <span class='ocrx_word' id='word_1_61' title='bbox 607 960 633 1021; x_wconf 87' lang='lat' dir='ltr'><strong>si</strong></span> <span class='ocrx_word' id='word_1_62' title='bbox 654 960 728 1023; x_wconf 85' lang='lat' dir='ltr'><strong>forte</strong></span> <span class='ocrx_word' id='word_1_63' title='bbox 748 962 900 1039; x_wconf 78' lang='lat' dir='ltr'><strong>contingat</strong></span> <span class='ocrx_word' id='word_1_64' title='bbox 924 967 957 1022; x_wconf 92' lang='lat' dir='ltr'><strong>nt</strong></span> <span class='ocrx_word' id='word_1_65' title='bbox 977 960 1089 1039; x_wconf 85' lang='lat' dir='ltr'><strong>aliquid</strong></span> <span class='ocrx_word' id='word_1_66' title='bbox 1111 963 1328 1039; x_wconf 77' lang='lat' dir='ltr'><strong>praescribatur</strong></span> <span class='ocrx_word' id='word_1_67' title='bbox 1349 962 1489 1025; x_wconf 83' lang='lat' dir='ltr'><strong>nocivum</strong></span> 
     </span>
     <span class='ocr_line' id='line_1_8' title="bbox 317 1057 1490 1139; baseline 0.003 -20"><span class='ocrx_word' id='word_1_68' title='bbox 317 1058 393 1121; x_wconf 90' lang='lat' dir='ltr'><strong>bono</strong></span> <span class='ocrx_word' id='word_1_69' title='bbox 412 1058 493 1120; x_wconf 85' lang='lat' dir='ltr'><strong>civili</strong></span> <span class='ocrx_word' id='word_1_70' title='bbox 507 1057 596 1136; x_wconf 85' lang='lat' dir='ltr'><strong>(quod</strong></span> <span class='ocrx_word' id='word_1_71' title='bbox 617 1059 677 1121; x_wconf 84' lang='lat' dir='ltr'><strong>sere</strong></span> <span class='ocrx_word' id='word_1_72' title='bbox 698 1058 879 1137; x_wconf 86' lang='lat' dir='ltr'><strong>impossibile</strong></span> <span class='ocrx_word' id='word_1_73' title='bbox 895 1058 1033 1137; x_wconf 85' lang='lat' dir='ltr'><strong>videtur),</strong></span> <span class='ocrx_word' id='word_1_74' title='bbox 1047 1058 1155 1137; x_wconf 86' lang='lat' dir='ltr'><strong>poterit</strong></span> <span class='ocrx_word' id='word_1_75' title='bbox 1169 1058 1266 1122; x_wconf 87' lang='lat' dir='ltr'><strong>civilis</strong></span> <span class='ocrx_word' id='word_1_76' title='bbox 1288 1065 1423 1137; x_wconf 90' lang='lat' dir='ltr'><strong>potestas</strong></span> <span class='ocrx_word' id='word_1_77' title='bbox 1442 1075 1490 1139; x_wconf 88' lang='lat' dir='ltr'><strong>pn·</strong></span> 
     </span>
     <span class='ocr_line' id='line_1_9' title="bbox 317 1154 1489 1236; baseline 0 -17"><span class='ocrx_word' id='word_1_78' title='bbox 317 1156 474 1219; x_wconf 86' lang='lat' dir='ltr'><strong>stulatione</strong></span> <span class='ocrx_word' id='word_1_79' title='bbox 488 1157 532 1218; x_wconf 91' lang='lat' dir='ltr'><strong>uti</strong></span> <span class='ocrx_word' id='word_1_80' title='bbox 551 1157 630 1234; x_wconf 87' lang='lat' dir='ltr'><strong>apud</strong></span> <span class='ocrx_word' id='word_1_81' title='bbox 644 1154 825 1235; x_wconf 80' lang='lat' dir='ltr'><strong>Episcopum</strong></span> <span class='ocrx_word' id='word_1_82' title='bbox 848 1156 895 1220; x_wconf 86' lang='lat' dir='ltr'><strong>rel</strong></span> <span class='ocrx_word' id='word_1_83' title='bbox 915 1156 1096 1221; x_wconf 84' lang='lat' dir='ltr'><strong>Pontificem.</strong></span> <span class='ocrx_word' id='word_1_84' title='bbox 1113 1156 1212 1236; x_wconf 81' lang='lat' dir='ltr'><strong>Atque</strong></span> <span class='ocrx_word' id='word_1_85' title='bbox 1224 1157 1257 1220; x_wconf 84' lang='lat' dir='ltr'><strong>in</strong></span> <span class='ocrx_word' id='word_1_86' title='bbox 1271 1156 1427 1221; x_wconf 84' lang='lat' dir='ltr'><strong>sufficiens</strong></span> <span class='ocrx_word' id='word_1_87' title='bbox 1443 1165 1489 1220; x_wconf 89' lang='lat' dir='ltr'><strong>est</strong></span> 
     </span>
     <span class='ocr_line' id='line_1_10' title="bbox 317 1254 1490 1335; baseline 0.002 -19"><span class='ocrx_word' id='word_1_88' title='bbox 317 1254 356 1317; x_wconf 85' lang='lat' dir='ltr'><strong>nd</strong></span> <span class='ocrx_word' id='word_1_89' title='bbox 377 1255 538 1318; x_wconf 84' lang='lat' dir='ltr'><strong>cavendnm</strong></span> <span class='ocrx_word' id='word_1_90' title='bbox 567 1254 688 1335; x_wconf 86' lang='lat' dir='ltr'><strong>malum,</strong></span> <span class='ocrx_word' id='word_1_91' title='bbox 709 1256 788 1334; x_wconf 87' lang='lat' dir='ltr'><strong>qood</strong></span> <span class='ocrx_word' id='word_1_92' title='bbox 816 1256 976 1335; x_wconf 81' lang='lat' dir='ltr'><strong>oggeritur,</strong></span> <span class='ocrx_word' id='word_1_93' title='bbox 997 1263 1142 1335; x_wconf 87' lang='lat' dir='ltr'><strong>quatenus</strong></span> <span class='ocrx_word' id='word_1_94' title='bbox 1168 1254 1320 1335; x_wconf 79' lang='lat' dir='ltr'><strong>legitimus</strong></span> <span class='ocrx_word' id='word_1_95' title='bbox 1341 1257 1490 1334; x_wconf 87' lang='lat' dir='ltr'><strong>superior,</strong></span> 
     </span>
     <span class='ocr_line' id='line_1_11' title="bbox 317 1352 1490 1433; baseline 0.003 -20"><span class='ocrx_word' id='word_1_96' title='bbox 317 1368 422 1430; x_wconf 87' lang='lat' dir='ltr'><strong>nempe</strong></span> <span class='ocrx_word' id='word_1_97' title='bbox 440 1352 608 1433; x_wconf 84' lang='lat' dir='ltr'><strong>Episcopus</strong></span> <span class='ocrx_word' id='word_1_98' title='bbox 629 1363 681 1417; x_wconf 82' lang='lat' dir='ltr'><strong>out</strong></span> <span class='ocrx_word' id='word_1_99' title='bbox 702 1352 845 1427; x_wconf 79' lang='lat' dir='ltr'><strong>Pontifex,</strong></span> <span class='ocrx_word' id='word_1_100' title='bbox 862 1354 904 1418; x_wconf 89' lang='lat' dir='ltr'><strong>sio</strong></span> <span class='ocrx_word' id='word_1_101' title='bbox 920 1353 1087 1417; x_wconf 87' lang='lat' dir='ltr'><strong>admonitus</strong></span> <span class='ocrx_word' id='word_1_102' title='bbox 1109 1360 1139 1416; x_wconf 89' lang='lat' dir='ltr'><strong>et</strong></span> <span class='ocrx_word' id='word_1_103' title='bbox 1159 1369 1190 1415; x_wconf 87' lang='lat' dir='ltr'><strong>re</strong></span> <span class='ocrx_word' id='word_1_104' title='bbox 1205 1352 1311 1415; x_wconf 87' lang='lat' dir='ltr'><strong>melius</strong></span> <span class='ocrx_word' id='word_1_105' title='bbox 1333 1368 1490 1432; x_wconf 83' lang='lat' dir='ltr'><strong>perpensa,</strong></span> 
     </span>
     <span class='ocr_line' id='line_1_12' title="bbox 318 1450 1491 1531; baseline 0.004 -22"><span class='ocrx_word' id='word_1_106' title='bbox 318 1450 417 1513; x_wconf 88' lang='lat' dir='ltr'><strong>videre</strong></span> <span class='ocrx_word' id='word_1_107' title='bbox 431 1453 547 1529; x_wconf 82' lang='lat' dir='ltr'><strong>poterit,</strong></span> <span class='ocrx_word' id='word_1_108' title='bbox 557 1451 640 1514; x_wconf 82' lang='lat' dir='ltr'><strong>iuxta</strong></span> <span class='ocrx_word' id='word_1_109' title='bbox 654 1454 804 1531; x_wconf 79' lang='lat' dir='ltr'><strong>negotium</strong></span> <span class='ocrx_word' id='word_1_110' title='bbox 819 1453 856 1515; x_wconf 89' lang='lat' dir='ltr'><strong>de</strong></span> <span class='ocrx_word' id='word_1_111' title='bbox 869 1467 927 1529; x_wconf 85' lang='lat' dir='ltr'><strong>quo</strong></span> <span class='ocrx_word' id='word_1_112' title='bbox 939 1452 1047 1531; x_wconf 79' lang='lat' dir='ltr'><strong>agitur,</strong></span> <span class='ocrx_word' id='word_1_113' title='bbox 1058 1451 1205 1531; x_wconf 88' lang='lat' dir='ltr'><strong>quodnam</strong></span> <span class='ocrx_word' id='word_1_114' title='bbox 1222 1458 1491 1529; x_wconf 81' lang='lat' dir='ltr'><strong>temperamentum</strong></span> 
     </span>
     <span class='ocr_line' id='line_1_13' title="bbox 316 1548 1071 1627; baseline 0.001 -18"><span class='ocrx_word' id='word_1_115' title='bbox 316 1548 496 1611; x_wconf 76' lang='lat' dir='ltr'><strong>afferendum</strong></span> <span class='ocrx_word' id='word_1_116' title='bbox 518 1549 606 1623; x_wconf 81' lang='lat' dir='ltr'><strong>sitsi</strong></span> <span class='ocrx_word' id='word_1_117' title='bbox 626 1565 719 1627; x_wconf 85' lang='lat' dir='ltr'><strong>aeque</strong></span> <span class='ocrx_word' id='word_1_118' title='bbox 740 1558 882 1627; x_wconf 88' lang='lat' dir='ltr'><strong>appareat</strong></span> <span class='ocrx_word' id='word_1_119' title='bbox 904 1548 1071 1627; x_wconf 86' lang='lat' dir='ltr'><strong>postulatio.</strong></span> 
     </span>
    </p>
   </div>
   <div class='ocr_carea' id='block_1_3' title="bbox 742 2476 1072 2523">
    <p class='ocr_par' dir='ltr' id='par_1_3' title="bbox 742 2476 1072 2523">
     <span class='ocr_line' id='line_1_14' title="bbox 742 2476 1072 2523; baseline -0.006 0"><span class='ocrx_word' id='word_1_120' title='bbox 742 2477 819 2523; x_wconf 72' lang='lat' dir='ltr'><strong>muts</strong></span> <span class='ocrx_word' id='word_1_121' title='bbox 839 2476 914 2523; x_wconf 82' lang='lat' dir='ltr'><strong>tunts</strong></span> <span class='ocrx_word' id='word_1_122' title='bbox 936 2476 1072 2523; x_wconf 77' lang='lat' dir='ltr'><strong>somttts.</strong></span> 
     </span>
    </p>
   </div>
   <div class='ocr_carea' id='block_1_4' title="bbox 0 0 1584 4934">
    <p class='ocr_par' dir='ltr' id='par_1_4' title="bbox 0 0 1584 4934">
     <span class='ocr_line' id='line_1_15' title="bbox 0 0 1584 4934; baseline 0 1"><span class='ocrx_word' id='word_1_123' title='bbox 0 0 1584 4934; x_wconf 95' lang='lat' dir='ltr'><strong> </strong></span> 
     </span>
    </p>
   </div>
  </div>
 </body>
</html>
