3159 4934
278 273 331 330 136
570 292 612 336 rus
631 292 755 336 utrumn
773 311 783 322 ·
801 293 869 334 raas
888 291 903 332 r.
923 291 964 334 rus
982 287 1150 332 rnnrvtouaun

276 405 438 463 externum.
455 400 558 466 Cultus
572 404 703 467 internus
715 410 760 468 est
771 406 932 467 reverentia
945 411 975 467 et
984 403 1159 480 obsequium
1170 411 1307 477 supremo
1318 393 1444 458 Numiui

184 549 188 556 ,
276 497 393 560 actibus
413 499 510 562 animo
530 501 653 564 internis
673 502 848 565 exhibitum.
870 499 987 564 Horum
1010 499 1189 578 praecipuus
1209 503 1257 558 cst
1278 491 1444 567 adoratio,-

275 605 352 674 quae
379 598 446 660 iude
471 600 575 674 oritur,
602 601 680 680 quod
702 597 819 664 Densa
841 600 925 664 uobis
945 597 1134 678 cognoscitur
1156 604 1188 657 ut
1208 592 1272 656 Eos
1294 591 1447 671 quoddam

277 693 438 758 maximum
458 704 488 758 at
509 698 807 774 praestantissimum,
821 697 901 775 quod
921 714 938 760 a
960 695 1040 759 uulla
1059 693 1116 758 alia
1143 708 1177 756 re
1197 704 1327 769 unquam
1343 687 1449 767 aequi-

275 793 373 868 parari
393 795 497 873 possit,
519 797 570 859 sed
590 796 732 860 immenso
752 795 906 860 intervallo
933 794 1066 856 anniversa
1081 797 1249 870 superatae
1263 789 1319 850 sub
1333 787 1446 852 ditione

276 897 380 968 mneat,
403 900 554 973 tamquam
575 896 718 970 conditor,
739 897 919 976 gubernator
939 902 970 956 et
990 900 1096 955 motor.
1111 887 1187 954 Cum
1208 904 1278 951 vero
1299 887 1389 949 etiam
1410 892 1447 947 ut

273 986 339 1050 tous
359 991 455 1054 omnis
477 993 554 1068 boni,
574 1009 632 1073 quo
653 995 788 1068 fruimur,
804 1001 837 1057 ut
850 1008 1009 1071 supremos
1025 988 1170 1054 Dominus
1185 1003 1221 1049 ac
1235 985 1395 1065 legislator,
1410 990 1448 1046 ut

274 1101 391 1149 somma
413 1090 540 1166 potentia
561 1100 590 1155 et
609 1093 721 1156 iustitia
747 1091 909 1170 praeditus,
924 1098 957 1152 ut
971 1088 1098 1152 maxime
1113 1086 1262 1149 melicus
1277 1093 1307 1144 et
1320 1082 1449 1160 largitor

275 1187 451 1265 magnificus
472 1190 650 1265 innotescam
671 1192 803 1255 debitum
824 1187 1025 1270 gratitudinis,
1040 1185 1203 1266 gratiarum
1225 1180 1360 1252 actionis,
1374 1179 1449 1242 obe·

276 1283 412 1358 dmnbuc,
427 1287 589 1363 servitutis,
611 1290 732 1363 timoris,
754 1289 828 1366 spei,
850 1301 970 1365 precum
991 1292 1020 1347 et
1042 1280 1236 1348 invocationis
1257 1278 1402 1357 exsurgit.

316 1378 419 1444 Cultus
433 1394 570 1448 externus
585 1395 629 1448 cst
644 1385 741 1449 erutus
755 1385 863 1447 interni
874 1382 1025 1462 expressio
1038 1379 1185 1443 sensibilis
1194 1386 1226 1440 et
1236 1373 1447 1438 manifestatio.

275 1475 372 1553 Quare
392 1482 430 1544 ab
450 1482 573 1552 intumis
595 1484 711 1548 actibus
733 1482 864 1563 separari
883 1497 938 1545 uon
960 1487 1073 1558 potest3
1094 1477 1164 1556 quin
1179 1492 1198 1538 a
1211 1476 1257 1538 sui
1270 1483 1377 1537 natura
1392 1474 1451 1536 de-

277 1577 393 1652 sciscat,
414 1587 444 1643 et
465 1581 495 1643 iu
517 1582 697 1661 hypocrisim
717 1586 906 1644 convertatur
918 1587 948 1641 et
960 1577 1210 1654 superstitionem.
1221 1571 1322 1637 Dividi
1342 1577 1446 1633 autem

275 1683 373 1753 potest
393 1677 421 1740 io
444 1676 622 1742 naturalem
642 1687 672 1742 et
693 1677 915 1753 arbitrarium·
932 1684 1020 1754 prout
1041 1673 1086 1736 vel
1107 1670 1224 1735 actibus
1244 1677 1369 1743 constat,
1391 1668 1448 1746 qui

274 1783 378 1852 suapte
403 1785 508 1840 natura
537 1777 619 1858 signa
640 1789 710 1840 suut
731 1777 880 1841 interioris
901 1777 1035 1847 allectus,
1056 1780 1109 1834 aut
1129 1778 1247 1834 constat
1277 1767 1385 1830 ritibus
1403 1783 1447 1830 ex

274 1870 367 1934 libera
388 1873 537 1939 voluntate
558 1876 596 1938 ad
615 1876 745 1939 eiusdem
767 1876 1011 1955 significationem
1037 1869 1248 1934 determinatis.
1262 1865 1302 1930 lit
1322 1865 1447 1945 quidem

275 1969 301 2029 si
324 1983 340 2030 a
362 1968 424 2034 Deo
438 1973 473 2035 lit
493 1973 638 2038 eiusmodi
653 1974 867 2047 determinatio,
889 1971 987 2035 cultus
1007 1970 1046 2032 ad
1066 1969 1113 2032 ius
1132 1967 1266 2032 divinum
1282 1964 1448 2043 positivum

273 2067 448 2145 pertinebit3
470 2072 515 2134 sin
538 2073 571 2134 lit
591 2074 630 2136 ab
651 2074 777 2156 bomine,
798 2072 836 2133 ad
851 2071 881 2132 id
903 2077 1078 2150 potestatem
1094 2066 1230 2138 habente,
1244 2061 1390 2141 spectabit
1404 2060 1449 2123 ad

273 2164 322 2228 ius
343 2167 517 2231 humanum.
1268 2224 1270 2228 .

314 2261 362 2326 34.
380 2261 473 2332 Error
496 2263 723 2332 nonnullorum.
745 2264 878 2329 latorem
892 2265 989 2328 cultus
1003 2263 1118 2327 externi
1140 2262 1356 2333 necessitatem,
1370 2273 1450 2337 qua-

275 2367 361 2424 tenus
382 2377 399 2424 a
421 2362 485 2424 iure
506 2369 628 2425 naturae
649 2365 869 2441 praescribitur,
889 2363 1014 2426 inficiati
1034 2369 1105 2423 suut
1119 2359 1306 2432 Thomasius,
1319 2358 1449 2435 eiusque

185 2495 188 2500 -
275 2459 429 2538 pedisequi
442 2453 578 2522 Dunzius'
587 2468 616 2524 et
631 2459 878 2524 Kammericbius.
890 2458 930 2524 Hi
941 2460 1029 2540 enim,
1043 2461 1100 2523 etsi
1115 2457 1314 2522 concesserint
1329 2456 1447 2519 cultum

275 2566 428 2620 eumanum
457 2559 565 2621 bouum
590 2574 656 2622 essa
677 2567 707 2622 et
726 2561 849 2633 iustum,
871 2566 968 2622 tamen
990 2558 1201 2623 contenderunt
1222 2557 1364 2620 rationem
1385 2555 1449 2618 sibi

276 2652 410 2717 relictam
432 2655 496 2717 eius
516 2658 719 2732 necessitatem
741 2672 926 2737 nequaquam
951 2656 1097 2735 detegere.
1112 2654 1231 2717 Abreus
1253 2669 1331 2729 vero,
1353 2653 1450 2716 ratio·

275 2751 449 2814 balistarum
472 2751 647 2818 Germaniae
667 2755 868 2819 deliramentis
889 2755 1031 2829 imbutus,
1047 2755 1076 2817 iu
1092 2753 1196 2832 primis
1217 2753 1384 2832 religionem
1399 2752 1448 2815 sic

276 2848 428 2924 describit,
443 2858 476 2912 ut
490 2852 588 2914 cultus
602 2861 741 2916 externus
756 2854 794 2917 ab
809 2870 841 2917 aa
857 2853 973 2917 excludi
997 2868 1117 2930 prorsus
1139 2851 1282 2914 videatur.
1297 2849 1351 2913 Ait
1363 2849 1447 2911 enim

276 2946 445 3026 religionem
467 2949 582 3012 deliniri
605 2966 705 3029 posse:
728 2950 881 3032 Llpamen
901 2947 1036 3015 inmanis
1049 2951 1084 3012 n'n
1097 2949 1215 3029 spiritu
1227 2953 1258 3011 et
1271 2945 1360 3011 emole
1373 2964 1447 3009 cum

275 3042 363 3108 Erite
382 3062 533 3126 supremo,
545 3047 636 3130 qnod,
651 3053 690 3128 ut·
704 3047 902 3130 prouidentia
921 3047 1111 3128 inullipens,
1127 3044 1280 3126 paterna
1292 3042 1448 3108 mundam

276 3145 307 3204 et
327 3146 425 3208 uitam
444 3162 563 3208 omnem
580 3147 808 3227 particularem
828 3146 879 3228 (l).
901 3146 1012 3211 Deinde
1033 3145 1069 3208 dc
1091 3145 1173 3208 cultu
1194 3144 1326 3222 loquens,
1346 3145 1447 3221 ipsum

276 3258 340 3306 esse
360 3243 480 3306 asserit:
507 3241 593 3326 Opus
614 3243 822 3309 intellectuale
835 3245 1003 3308 dumtaxat
1016 3247 1048 3306 et
1060 3239 1235 3324 spirituale,
1251 3239 1333 3322 qnod
1348 3239 1449 3304 adsti-

274 3358 348 3406 rtere
358 3359 394 3404 ¹sc
408 3341 493 3406 alebat
507 3361 527 3404 a
542 3340 609 3406 Deo
622 3344 746 3424 eiusque
761 3342 923 3407 attributis
941 3338 1213 3423 repraesentandis
1227 3340 1330 3420 sipnis
1345 3339 1449 3402 senm-

275 3435 418 3517 bc'lrbus;'
435 3441 506 3504 licet
526 3460 589 3521 pro
615 3440 793 3506 adiumento
817 3442 917 3505 occire
934 3441 1038 3521 possit
1057 3437 1227 3502 nonnullas
1247 3443 1344 3514 arms,
1360 3440 1449 3518 poca

274 3539 403 3600 cantum
423 3541 479 3600 ant
505 3539 666 3616 musicam,
689 3537 800 3620 quobus
820 3537 932 3602 mettas
956 3538 1174 3618 exprimantur
1192 3553 1305 3598 sensus
1326 3534 1450 3619 intumi

275 3641 305 3700 ec
324 3636 420 3714 idean
444 3655 523 3718 quus
543 3636 581 3701 de
604 3637 729 3718 infinito
744 3628 845 3700 nean
858 3635 1034 3716 epitomum
1048 3635 1134 3714 quasi
1155 3633 1186 3697 id
1199 3633 1279 3712 quod
1293 3640 1448 3711 praestant

276 3735 349 3810 soni,
373 3736 425 3815 qui
451 3745 531 3799 certe
559 3737 641 3815 sigua
656 3735 818 3800 sensibilia
841 3739 920 3808 sont,
942 3744 1093 3812 praestare
1114 3741 1239 3809 nequeat
1261 3731 1377 3808 pictura
1399 3730 1447 3793 vel

275 3832 443 3910 sculptura;
467 3840 520 3898 ant
540 3834 742 3914 intelligentia,
763 3841 798 3896 ut
817 3833 856 3894 ad
878 3831 972 3895 Deum
992 3830 1168 3910 cogitatione
1182 3835 1211 3891 et
1225 3829 1382 3891 aliecdbus
1396 3845 1447 3891 as·

276 3938 389 4007 surgat,
403 3933 505 3995 auditu
520 3932 614 3996 iuvari
632 3933 736 4011 possit,
749 3930 843 3995 oeulis
856 3945 925 3992 vcro
939 3945 994 3992 uon
1005 3929 1108 4006 possit.
1121 3926 1178 3990 Sed
1190 3925 1449 3990 rationalistarum

276 4042 342 4089 sors
363 4026 435 4107 (Deo
457 4031 500 4094 sic
520 4045 621 4094 eorum
644 4029 813 4106 superbiam
834 4025 1015 4105 retundente)
1029 4033 1076 4088 est
1095 4024 1266 4088 absurditas
1281 4030 1312 4086 et
1326 4032 1449 4088 coutra-

275 4124 376 4188 dictio.

320 4281 355 4346 (l)
375 4281 459 4330 Oours
475 4281 506 4329 de
520 4280 594 4328 droit
609 4281 728 4332 natural,
746 4240 828 4347 partie
838 4244 922 4336 3,'cln
938 4275 962 4325 1.
