3159 4934
271 386 275 396 ,
310 342 366 402 itt
634 354 678 398 rus
694 352 821 398 urrunnu
837 371 847 382 ·
866 352 935 396 nans
953 351 980 396 u.
996 337 1042 395 ms*
1057 352 1165 395 mulne

312 473 500 552 peruertitur,
513 469 629 549 quoties
643 483 785 532 numerus
799 469 907 549 aliquia
926 468 1048 544 civium,
1068 467 1131 532 sire
1144 483 1271 548 magnus
1283 468 1346 532 sive
1362 484 1485 547 parvus,

311 570 349 632 ad
364 584 397 632 se
416 581 533 633 omnem
553 566 713 630 utilitatem
729 566 877 645 publicam
898 573 1025 642 revocet,
1040 566 1148 630 oetcds
1162 565 1303 629 exclusis.
1319 564 1413 630 Immo
1434 581 1486 630 so-

311 667 397 730 cialis
417 664 531 728 iustitia
545 663 684 739 laeditur,
696 664 812 728 etamsi
832 663 878 728 rel
892 665 980 726 unius
994 663 1150 726 dummrat
1164 663 1235 727 socii
1249 662 1432 742 praesidium
1447 679 1484 727 ac

312 765 406 829 tutela
426 762 603 844 negligatur.

350 860 399 928 49.
421 862 598 927 Pnoensnao
618 858 662 924 2⁸.
684 858 862 924 Multitudo
881 859 1006 925 sociatis
1021 859 1167 940 proxime
1185 878 1250 923 aton
1270 864 1393 923 mnatot
1406 878 1481 940 per·

310 961 399 1026 sortis
420 961 588 1041 amaretis,
609 959 666 1024 seri
684 957 830 1038 [omilim.

350 1055 441 1122 Proh.
463 1055 618 1122 Rousseau
639 1065 670 1122 et
690 1055 841 1132 Beemria
861 1056 1031 1121 societatem
1052 1059 1108 1120 non
1128 1071 1147 1118 a
1169 1066 1274 1120 natura
1288 1057 1341 1122 sed
1355 1075 1374 1121 a
1387 1058 1480 1120 libera

310 1156 631 1240 voluntate-sociorum
653 1155 830 1227 derivantes,
852 1169 917 1216 eam
938 1162 972 1216 ut
992 1153 1194 1218 collectionem
1219 1171 1277 1218 nou
1300 1155 1481 1218 familiarum

307 1255 363 1317 sed
378 1255 532 1318 hominum
547 1253 742 1332 singularium
757 1251 962 1314 traduxerunt„
976 1249 1056 1315 ldcm
1071 1252 1182 1316 laniunt
1203 1253 1414 1328 rationalistae,
1432 1253 1482 1330 qui

307 1352 508 1440 abstractione
531 1351 639 1415 mentis
653 1351 823 1416 societatem
838 1348 1014 1423 dissolvunt,
1027 1365 1152 1428 eamque
1166 1351 1260 1414 denuo
1281 1351 1481 1431 redintegrant

310 1465 363 1530 per
373 1450 550 1530 implicitum
565 1449 671 1513 saltem
686 1463 863 1513 consensum
874 1448 994 1511 civium.
1006 1445 1062 1511 Sed
1074 1449 1149 1512 haec
1164 1450 1308 1513 sententia
1318 1448 1481 1512 falsissima

310 1558 365 1612 est.
388 1549 531 1624 Primum,
551 1548 622 1628 quia
648 1546 694 1610 vel
721 1546 823 1610 sabula
850 1546 887 1608 de
912 1549 1002 1608 stota
1025 1548 1170 1620 naturae,
1195 1547 1240 1608 uel
1269 1549 1389 1610 dodone
1411 1548 1482 1610 iuris

309 1647 444 1710 inuititur
471 1647 591 1710 omniuo
619 1643 785 1708 arbitraria.
808 1641 928 1722 Deinde,
955 1643 1026 1722 quia
1053 1644 1224 1706 societatem
1253 1645 1402 1707 assimilat
1425 1661 1481 1708 nou

304 1745 425 1823 corpori
440 1745 560 1818 viventi,
575 1742 662 1818 cuius
675 1752 776 1824 partes,
789 1743 849 1805 sint
861 1741 1032 1821 organicae;
1049 1742 1102 1804 sed
1116 1743 1231 1818 corpori
1248 1743 1333 1820 plane
1348 1743 1481 1815 manimi,

306 1843 387 1920 qnod
410 1841 472 1905 solo
492 1851 655 1921 aggregatu
676 1848 842 1903 atomorum
864 1832 986 1904 constet
1002 1837 1111 1914 Tertio,
1132 1839 1202 1918 quia
1224 1855 1395 1918 processum
1418 1857 1480 1919 per·

309 1940 398 2002 vertit
419 1948 647 2018 animaequae
671 1939 709 2002 ab
732 1938 904 2026 imperiecto
928 1937 967 2000 ad
992 1938 1154 2016 perlectum
1180 1919 1334 2010 inmenens,
1352 1938 1480 2017 primum

310 2037 479 2100 societatem
503 2037 673 2101 inchoatio
699 2035 846 2114 coniugio,
874 2035 978 2098 deiude
1005 2034 1095 2098 latius
1115 2035 1245 2113 explicat
1267 2035 1299 2097 iu
1318 2035 1430 2098 inmitia
1453 2037 1482 2096 vi

311 2133 450 2214 filinmm,
471 2135 589 2198 tandem
610 2134 639 2197 in
661 2132 739 2197 civili
761 2132 908 2202 consonio
930 2132 1066 2211 complet.
1440 2136 1444 2140 ’

350 2230 395 2296 lia
415 2232 507 2310 igitur
527 2230 662 2309 opinione
687 2230 805 2308 reiecta,
826 2229 953 2292 dicimus
974 2245 1116 2308 personas
1141 2230 1308 2292 individuas
1328 2231 1479 2294 civimlem

309 2331 475 2404 efformare,
490 2337 634 2407 qnamuus
648 2330 708 2391 iam
729 2338 797 2392 ante
810 2329 840 2391 iu
855 2324 995 2390 familiam
1010 2333 1116 2391 meunt
1128 2336 1158 2392 et
1173 2328 1366 2391 domesticam
1389 2330 1480 2392 socie

310 2436 400 2492 tatem
416 2429 607 2492 constituunt.
620 2425 653 2490 ld
669 2435 749 2505 patet
763 2427 869 2504 primo,
883 2427 963 2504 quia,
977 2434 1010 2488 ut
1025 2426 1194 2488 dictumest
1207 2427 1237 2489 in
1252 2427 1379 2490 articulo
1392 2425 1431 2500 ll,
1441 2427 1480 2491 ci·
1547 2444 1548 2491 3

311 2526 377 2588 vilis
391 2526 518 2589 societas
532 2524 707 2588 naturaliter
719 2524 860 2602 originem
875 2523 959 2585 ducit
973 2540 991 2584 a
1006 2523 1215 2614 propagatione
1229 2525 1395 2588 domorum.
1411 2523 1481 2588 Pm-

309 2625 388 2690 xime
402 2625 492 2703 igitur
505 2623 570 2688 eius
584 2622 726 2685 elementa
742 2630 812 2684 suut
825 2620 963 2695 familiae,
979 2637 1034 2684 uon
1050 2603 1480 2686 inunonifndiie‘ranruae

310 2729 469 2799 conceptus
497 2722 624 2783 anterior
648 2727 693 2782 est
723 2727 868 2796 conceptu
892 2718 1032 2792 civitatis,
1059 2726 1089 2781 at
1118 2719 1298 2782 domesticus
1327 2721 1507 2785 convictus.
1546 2782 1547 2787 ,

311 2819 407 2896 magis
421 2817 530 2882 homini
546 2823 592 2882 est
607 2819 803 2892 necessarius,
815 2832 904 2898 quam
920 2818 1072 2881 convictus
1089 2817 1238 2895 politicus.
1253 2817 1388 2897 Excepto
1402 2821 1477 2882 enim

310 2925 524 2996 protoparente,
539 2918 629 2980 ceteri
644 2917 779 2980 homiues
794 2917 909 2978 nonnisi
921 2917 951 2979 iu
961 2914 1072 2978 familia
1088 2927 1259 2996 nascuntur,
1270 2924 1302 2979 et
1313 2917 1340 2980 ri
1353 2916 1478 2980 familiae

309 3024 533 3089 conservantur;
549 3031 616 3078 cnm
629 3023 741 3088 contra,
753 3013 889 3077 absolute
902 3013 1057 3092 loquendo,
1071 3023 1157 3077 extra
1171 3015 1341 3078 societatem
1353 3017 1480 3087 civilem,

310 3115 399 3176 lromo
412 3113 552 3176 exsistere
572 3119 602 3175 et
620 3112 729 3174 durare
744 3118 851 3190 posset.
867 3109 951 3176 Unde
965 3113 1054 3175 homo
1067 3112 1247 3192 individuus,
1261 3113 1345 3175 iuxta
1359 3123 1479 3177 naturae

309 3209 450 3283 ordinem,
464 3209 571 3272 lortius
586 3216 615 3272 et
628 3211 763 3273 intimius
776 3210 972 3288 adstringitur
992 3210 1055 3273 iure
1069 3210 1205 3290 familiae,
1218 3227 1311 3289 quam
1325 3212 1388 3275 iure
1409 3213 1479 3276 civi-

310 3309 390 3370 tatis.
407 3305 500 3371 Civile
515 3306 928 3394 igiturninculumsubaudit
942 3307 1057 3371 vincula
1073 3306 1249 3383 domestica;
1263 3325 1300 3371 ac
1314 3309 1439 3387 proinde
1452 3311 1478 3372 in

311 3413 426 3476 mutum
441 3406 547 3469 civitas
562 3415 599 3466 ex
613 3404 775 3468 individuis
787 3405 955 3480 efflorescit,
969 3405 998 3468 iu
1012 3413 1156 3487 quantum
1173 3405 1324 3469 individua
1337 3406 1398 3470 iam
1414 3414 1478 3471 aute
1544 3430 1545 3433 ¹

309 3503 431 3568 familiis
446 3503 613 3582 alligantur.
629 3499 760 3580 Denique
781 3501 973 3577 filiifamilias,
987 3503 1079 3574 donec
1092 3504 1328 3582 emancipentur,
1341 3520 1399 3568 uon
1412 3514 1477 3568 suut

312 3617 432 3680 prorsus
453 3604 497 3665 sui
512 3602 597 3676 iuris,
612 3601 662 3664 sed
678 3601 831 3664 subiacent
852 3601 964 3680 patriae
979 3603 1127 3681 potestati,
1140 3619 1176 3666 ao
1199 3603 1319 3682 proinde
1333 3612 1478 3684 nequeunt

310 3716 362 3780 per
383 3717 414 3765 se
434 3701 570 3779 ampliori
584 3699 717 3764 societati
732 3699 872 3774 adscribi,
887 3700 939 3762 sad
956 3700 1051 3763 eidem
1071 3700 1283 3763 adscribuntur
1306 3700 1335 3762 vi
1358 3701 1476 3765 minoris

310 3799 537 3879 societatisque
558 3798 730 3862 naturaliter
751 3798 943 3862 continentur.

349 3893 398 3959 50.
420 3895 595 3962 Paoaosnro
616 3893 661 3959 3⁸.
682 3895 874 3960 Constitutio
893 3891 1055 3958 naturalis
1068 3893 1227 3959 societatis
1242 3893 1329 3960 debet
1348 3913 1418 3960 esse
1430 3916 1477 3959 or-

308 3994 423 4072 ganico
442 4013 505 4058 non
526 3993 712 4060 mactante.
1542 4048 1543 4059 ,

352 4086 437 4153 Pmb.
457 4090 490 4154 ln
511 4093 568 4155 hoc
580 4091 770 4172 organismos
784 4107 802 4154 a
818 4091 1018 4155 mechanismo
1031 4091 1141 4166 diflert,
1157 4090 1239 4171 quod
1252 4091 1303 4155 nic
1325 4094 1478 4155 materiam

311 4185 438 4247 assumit
458 4188 666 4268 homogeneam
687 4197 717 4252 et
737 4204 861 4269 prorsus
878 4189 1008 4263 inertem,
1025 4203 1149 4266 eamque
1169 4187 1328 4252 artificiose
1350 4189 1477 4268 disponit

311 4280 350 4343 ad
370 4296 448 4345 mere
469 4285 669 4363 exequendum
690 4294 814 4361 motum,
828 4302 916 4365 quem
932 4287 977 4347 vis
997 4285 1096 4365 aliqua
1117 4293 1237 4349 externa
1254 4288 1308 4350 toti
1327 4287 1479 4366 imprimat
1541 4366 1542 4379 ἵ
