3159 4934
383 254 468 296 oanur
486 253 510 296 u.
530 255 564 296 ns
582 253 691 297 orrrons
710 253 817 296 uournrs
833 254 904 297 snos
923 256 996 300 oeuu
1211 242 1261 300 139

86 365 222 429 internos
233 365 325 427 animi
335 382 437 430 sensus
449 382 504 429 non
515 366 731 445 introspiciunt.
744 366 786 429 At
800 364 881 429 heus
892 374 1042 432 scrutator
1057 375 1103 432 est
1117 370 1262 447 cordium,

86 478 123 525 ae
147 462 270 540 proinde
290 462 340 525 his
360 463 552 527 adminiculis
572 480 628 526 uon
649 479 723 542 opus
745 464 854 527 habet.¹

127 558 166 623 R.
189 557 235 623 Ne
257 559 370 624 interno
391 561 509 639 quidem
531 560 612 625 cultu
635 558 715 624 Deus
730 561 850 641 indiget.
868 559 947 641 Ergo
969 564 995 625 si
1016 562 1167 628 Thomasii
1181 564 1258 627 rallo

86 657 211 736 ualeret,
233 658 272 721 ab
293 659 349 721 hoe
370 658 459 721 etiam
484 657 687 721 abstinendum
712 667 801 722 esset.
822 656 912 723 Falso
932 660 1024 741 igitur
1042 662 1196 741 supposito
1216 661 1261 725 la·

87 758 179 821 borat
199 756 335 829 obiectio,
348 772 453 835 nempe
472 758 551 835 quod
572 772 608 820 ex
629 757 789 837 indigentia
810 757 910 819 divina
931 758 1080 822 derivetur
1101 766 1133 822 ut
1154 758 1262 821 offioiis

85 871 163 933 erga
179 852 272 917 Deum
288 854 516 932 adstringamur.
535 851 619 929 Quod
641 870 695 918 non
710 862 754 917 est
768 855 820 918 ita.
843 854 925 919 Deus
938 856 1016 918 enim
1037 856 1118 918 nulla
1133 872 1164 918 re
1185 862 1262 935 eget.

87 950 303 1025 Nihilominus,
317 952 385 1030 quia
402 951 536 1028 provisor
550 958 596 1015 est
610 960 709 1015 reolus
724 959 755 1015 et
775 968 808 1016 sa
830 952 1024 1038 ientlssimus,
1037 953 1148 1017 ordinis
1161 954 1264 1016 obser·

88 1050 225 1113 varitiam
245 1050 335 1113 iubet.
361 1046 441 1114 Ordo
465 1058 565 1114 autern
584 1035 696 1128 posent
715 1059 749 1113 ut
777 1052 867 1116 horno
888 1069 923 1115 ou
952 1066 1000 1115 um
1021 1060 1173 1116 externum
1195 1067 1263 1115 oum

85 1150 207 1211 interno
226 1147 392 1227 coniungat.
414 1145 501 1211 Hune
523 1148 616 1228 igitur
636 1149 700 1214 uult
716 1147 814 1225 Deus;
836 1166 892 1213 non
913 1157 946 1213 ut
960 1150 1089 1229 aliquam
1105 1150 1261 1213 utilitatem

88 1244 162 1307 iude
183 1245 292 1323 capiat,
314 1246 366 1308 sed
388 1251 420 1307 ut
440 1245 590 1310 hominem
606 1248 643 1310 ad
664 1248 904 1310 satisfaciendum
926 1249 1041 1326 offioiis,
1062 1248 1171 1327 quibus
1186 1255 1295 1340 tene-q

87 1352 152 1417 tur,
173 1344 312 1407 adducat.

133 1441 235 1520 Atque
256 1441 330 1505 haee
351 1442 504 1520 responsio
525 1441 609 1507 alteri
631 1445 719 1507 etiam
740 1443 927 1509 difficultatis
949 1444 1025 1522 parti
1044 1450 1173 1522 aptatur.
1195 1439 1276 1506 Non'
1320 1454 1324 1462 ’

88 1538 172 1602 enirn
194 1536 285 1618 Deus,
307 1545 340 1601 ut
362 1554 413 1617 per
433 1541 577 1605 exteriora
600 1541 683 1621 signa
705 1542 835 1605 internos
860 1542 950 1604 animi
966 1541 1060 1604 nostri
1074 1549 1160 1604 aetus
1175 1556 1265 1618 agno-

90 1643 172 1711 scat,
192 1637 243 1699 sed
266 1645 298 1699 ut
320 1652 373 1701 nos
394 1638 476 1701 iuxta
497 1638 629 1702 ordinem
649 1646 773 1702 naturae
794 1640 914 1719 dirigat,
928 1639 965 1701 ad
979 1646 1134 1703 externum
1148 1637 1262 1707 nultum

92 1734 262 1814 adstringit.
290 1734 381 1814 ldque
406 1736 478 1817 adeo
504 1752 606 1801 verum
628 1744 683 1816 est,
705 1746 738 1800 ut
760 1739 897 1815 prinoeps
916 1739 1007 1801 etiam
1028 1738 1189 1810 humanus,
1208 1736 1264 1798 etsi

91 1834 225 1913 fingatur
253 1833 370 1898 aliunde
399 1843 551 1913 perspecta
579 1836 688 1899 habere
711 1843 779 1899 vota
802 1835 991 1899 subditorum
1011 1835 1161 1913 animique
1180 1836 1266 1898 obse·
1335 1846 1338 1852 ·

91 1932 215 2011 quium;
245 1941 343 1995 tamen
367 1940 503 1996 externas
530 1949 633 2011 preees
659 1939 688 1996 et
709 1934 792 2012 signa
814 1933 995 1995 reverentiae
1015 1933 1053 1995 ab
1074 1932 1179 1995 iisdem
1200 1934 1265 1995 iure

91 2030 204 2108 exigat.
225 2027 291 2092 Etsi
311 2029 387 2092 enim
409 2030 438 2091 in
459 2046 493 2093 ea
521 2032 680 2109 hypothesi
702 2030 785 2110 sigua
806 2030 858 2093 illa
879 2032 1046 2095 necessaria
1067 2046 1124 2094 non
1145 2030 1206 2094 sint
1225 2031 1263 2093 ad

92 2126 230 2191 notitiam
252 2128 344 2190 ullam
366 2128 608 2205 comparandam
632 2128 823 2207 requiruntur
844 2136 940 2191 tamen
962 2129 1000 2191 ad
1014 2129 1161 2209 integrum
1177 2130 1263 2192 obse-

94 2226 211 2305 quium,
230 2225 317 2304 quale
338 2240 355 2287 a
376 2226 503 2289 subditis
525 2227 669 2305 praestari
691 2227 788 2301 debet,
809 2226 934 2306 principi
955 2227 1163 2290 exhibendum.
1230 2236 1234 2241 ·

140 2320 233 2386 Obiio.
248 2322 284 2387 ll.
300 2321 407 2387 Contra
429 2325 570 2387 rationem
592 2340 629 2387 ex
645 2326 784 2389 societate
806 2325 992 2403 desumptam
1008 2325 1051 2387 sie
1066 2324 1152 2405 argui
1166 2330 1265 2402 potest

93 2438 132 2485 ex
156 2420 257 2485 eodem
278 2419 452 2485 Thomasio:
468 2418 597 2485 Societas
618 2424 746 2485 humana
768 2422 904 2501 vitaeque
920 2419 1127 2500 tranquillitas,
1147 2420 1265 2484 etiamsi

92 2518 196 2582 eultus
222 2525 361 2581 externus
389 2520 651 2597 praetermittatur,
682 2536 732 2599 per
757 2537 789 2584 se
810 2529 840 2583 et
865 2520 1029 2583 necessario
1049 2536 1105 2583 non
1128 2519 1264 2582 laeditur.

92 2615 210 2681 Deinde
230 2616 329 2680 cultus
349 2616 439 2680 huius
454 2617 522 2679 linis
539 2624 585 2679 εει
600 2617 750 2681 beatitudo
765 2624 895 2692 aeterna,
912 2618 979 2679 linis
994 2625 1095 2680 eontra
1111 2616 1265 2681 societatis

94 2718 247 2779 humanae
256 2724 302 2779 est
311 2716 439 2780 lelioitas
452 2716 636 2794 temporaria.
648 2714 728 2795 Ergo
739 2732 808 2779 oum
820 2716 974 2795 utriusque
988 2717 1062 2779 lines
1074 2717 1134 2779 siut
1144 2716 1266 2790 diuersi,

96 2830 178 2877 unus
198 2814 236 2876 ad
257 2814 348 2876 alium
369 2820 487 2877 nonest
509 2814 700 2877 necessarius.

137 2909 177 2975 R.
198 2908 230 2974 In
252 2911 355 2990 primis
370 2900 576 2991 argumentum
592 2919 725 2974 nostrum
741 2926 797 2974 nou
821 2911 889 2974 iude
909 2911 1098 2990 desumptum
1119 2918 1174 2985 est,
1187 2911 1266 2990 quod

96 3008 200 3072 oultus
220 3019 356 3072 externus
377 3009 510 3072 soeietati
535 3008 677 3072 ineundae
697 3016 750 3070 aut
770 3008 987 3072 conservandae
1008 3009 1049 3071 sit
1069 3008 1267 3083 necessarius,

96 3106 152 3169 sed
167 3121 203 3169 ex
217 3122 262 3181 eo,
275 3107 353 3185 quod
367 3107 483 3170 omnino
502 3106 679 3186 requiratur,
696 3114 729 3168 ut
743 3106 840 3185 homo,
857 3115 944 3184 prout
963 3106 1079 3170 socialis
1098 3118 1155 3182 est,
1171 3105 1266 3170 Deum

96 3203 178 3269 eolat
198 3204 282 3283 eique
303 3206 491 3283 obsequatur.
506 3201 605 3279 Quare
624 3205 749 3268 obiectio
763 3202 917 3267 Thomasii
939 3220 991 3267 nos
1011 3204 1122 3268 direote
1142 3221 1198 3268 non
1212 3205 1269 3266 im·
1321 3213 1325 3216 “

97 3302 183 3379 petit.
205 3299 325 3375 Deinde,
351 3316 493 3380 negamus
516 3302 634 3366 omnino
658 3301 830 3365 societatem
852 3316 904 3380 per
926 3318 957 3365 se
976 3309 1005 3365 et
1027 3302 1191 3366 necessario
1211 3318 1267 3366 non

99 3398 190 3473 laedi,
205 3398 288 3461 oultu
303 3400 446 3462 exteriore
461 3406 619 3462 summoto.
642 3396 719 3482 Nam
742 3400 806 3477 ipse
827 3398 1005 3464 Thomasius
1028 3400 1143 3474 asserit,
1164 3400 1269 3462 lunda·

99 3480 231 3558 mentum
243 3496 338 3559 omnis
352 3496 540 3575 obligationis
554 3504 584 3559 et
598 3486 724 3560 fiduciae
738 3506 859 3560 mutuae
873 3512 939 3560 esse
953 3497 1066 3561 cultum
1081 3497 1145 3578 Dei,
1159 3498 1267 3560 saltem

96 3596 246 3657 internum
263 3591 313 3673 (l).
338 3590 417 3673 llrgo
449 3594 584 3667 societas,
604 3610 672 3656 eum
702 3594 764 3657 sine
785 3594 964 3673 obligatione
984 3602 1015 3658 et
1035 3595 1144 3659 liduoia
1165 3601 1269 3657 mutua

97 3690 263 3754 subsistere
277 3698 411 3770 nequeat,
426 3707 477 3769 per
492 3708 525 3754 se
545 3699 575 3756 et
599 3693 764 3756 necessario
785 3694 849 3755 eius
870 3692 1090 3757 fundamentum
1112 3693 1269 3755 obfirmare

95 3796 137 3868 et,
161 3797 302 3867 quantum
317 3790 348 3851 in
362 3791 425 3869 ipsa
440 3796 495 3865 εει,
517 3804 688 3868 promovere
714 3791 809 3853 debet.
825 3789 868 3852 Αι
888 3789 1034 3869 quomodo
1047 3789 1144 3852 luloiri
1159 3798 1189 3852 et
1204 3804 1271 3868 pro-

96 3887 212 3951 moveri
222 3904 240 3950 a
252 3888 393 3951 societate
407 3893 504 3965 potest
519 3886 617 3951 cultus
632 3887 776 3961 internus,
788 3889 851 3951 sine
865 3888 1006 3951 externo?
1019 3884 1114 3951 Immo
1124 3888 1269 3967 quomodo

96 3994 238 4051 constare
258 3985 376 4064 publice
398 3994 492 4065 potest
513 3993 612 4049 utrum
634 3988 714 4051 oives
736 3986 819 4050 illum
846 3993 1068 4067 prosequantur,
1089 3989 1201 4051 neone?
1214 3984 1269 4051 Ge·

131 4218 169 4280 (l)
186 4218 226 4266 De
241 4216 336 4281 officiis
347 4216 474 4271 bominis,
491 4230 511 4265 o.
528 4216 551 4275 l,
568 4220 581 4274 s
598 4214 620 4265 9.
