3159 4934
296 327 331 385 38
517 341 612 382 nrnrca
632 359 642 369 ·
660 339 744 384 maur
763 339 779 381 r.
798 341 833 382 nn
851 341 912 382 mnu
929 339 1099 382 ornnnrroms
1116 339 1244 382 33131333

296 455 461 517 animalem.
476 453 515 517 Et
535 454 603 532 3313
627 457 654 516 13
676 453 733 516 hac
754 453 814 516 vita
834 454 928 531 magis
949 453 1064 516 accedit
1084 453 1122 514 ad
1138 452 1361 515 similitudinem
1382 453 1466 514 illius

296 555 440 631 perfectae
453 551 644 615 beatitudinis
658 552 785 614 felicitas
796 551 1021 628 contemplativa
1034 568 1123 629 quam
1135 552 1242 624 activa,
1255 559 1356 627 utpote
1370 553 1461 614 etiam

297 650 358 715 Deo
373 651 506 723 similior,
528 657 561 712 ut
574 665 609 712 ex
631 650 720 712 dictis
739 656 835 727 patet;
856 649 922 712 ideo
943 650 1039 711 minus
1059 649 1171 756 indiget
1189 648 1358 712 huiusmodi
1380 650 1467 712 bonis

296 764 347 812 cot·
348 749 445 826 porcis
462 746 1299 826 (1).»-

341 843 432 910 Obi'm
449 844 497 910 lll.
513 843 652 908 Felicitas
667 851 777 907 metum
794 860 963 907 amissionis
977 862 993 906 a
1010 862 1041 908 se
1054 807 1192 908 excludit
1209 844 1302 923 Atqui
1316 845 1346 906 id
1361 845 1461 908 locum

296 959 352 1007 non
379 945 502 1006 babet
494 960 524 1006 tn
552 946 609 1007 hac
638 943 706 1006 vita.
729 941 808 1022 Ergo
832 942 912 1004 nulla
938 943 1065 1057 felicitas
1094 959 1147 1020 pro
1174 945 1232 1005 hac
1261 944 1320 1006 vita
1348 944 1463 1006 homini

297 1041 437 1118 suppetit.

337 1137 373 1201 R
398 1135 479 1200 Dist.
502 1141 609 1200 antec:
631 1137 770 1202 Felicitas
792 1140 918 1215 perfecta
939 1145 969 1200 et
990 1139 1074 1217 plena
1089 1147 1200 1203 metum
1215 1141 1381 1202 amissionis
1395 1157 1411 1202 a
1427 1156 1462 1202 se

297 1237 437 1310 excludit,
458 1236 602 1312 concedo;
625 1237 749 1300 felicitas
771 1237 953 1312 imperfecta,
975 1255 1061 1315 nepo.

338 1333 393 1397 Dei
414 1335 549 1413 cognitio,
571 1351 646 1412 quae
666 1335 704 1396 ad
726 1335 841 1412 plenam
856 1335 970 1421 futurae
985 1337 1061 1398 vitae
1074 1335 1242 1399 felicitatem
1259 1337 1392 1413 pertinet,
1407 1338 1461 1398 ho-

299 1433 405 1494 minem
427 1449 443 1493 a
466 1432 564 1495 divino
584 1448 682 1494 amore
703 1432 840 1494 recedere
861 1433 982 1494 minime
1002 1433 1080 1495 sinit.
1100 1431 1166 1496 Non
1188 1435 1229 1496 ita
1251 1432 1304 1496 Dei
1325 1434 1464 1512 cognitio,

297 1547 373 1610 3333
394 1531 479 1592 modo
500 1531 626 1600 habetur
653 1538 683 1592 et
703 1528 778 1608 3333
800 1530 882 1593 33113
904 1528 998 1594 Deum
1027 1539 1225 1608 repraesentat
1248 1540 1280 1593 ut
1305 1533 1463 1596 terminum

234 1689 240 1698 ,
296 1629 443 1706 3311313,Ι
435 1645 465 1689 rn
485 1644 543 1706 333
565 1629 761 1704 nosmetipsos
776 1628 876 1690 liberis
891 1628 1007 1691 actibus
1025 1634 1252 1691 constituamus,
1268 1628 1347 1691 Nam
1362 1630 1465 1706 cogni·

99 1763 101 1770 ·
157 1745 228 1790 «ν,
228 1722 855 1809 ,33331113131333333133131331131313
870 1726 1074 1803 constituente
1089 1723 1324 1789 Deusdrstrncte
1340 1735 1370 1788 et
1385 1725 1464 1788 clare

222 1807 563 1936 {Jiepraesentabitur
578 1837 632 1884 ceu
646 1824 709 1885 fens
730 1823 820 1885 totius
840 1812 918 1896 boui,
931 1824 1010 1900 3331
1031 1822 1115 1886 nobis
1131 1826 1281 1901 provenire
1297 1835 1402 1901 potest,
1420 1825 1463 1886 ita

136 1901 139 1914 ¹
258 1906 332 1984 'iit
353 1922 469 1984 bonitas
490 1921 593 1993 omnis,
613 1937 690 1998 quae
704 1921 733 1982 in
747 1921 811 1998 ipso
827 1922 954 1998 perfecta
969 1922 1124 1998 reperitur,
1138 1930 1221 1983 entra
1236 1922 1332 1998 ipsum
1349 1922 1464 1984 nonnisi

299 2019 461 2082 defectibus
481 2018 611 2080 admixta
637 2026 667 2078 et
692 2019 846 2080 terminata
875 2018 1081 2095 conspiciatur.
1103 2017 1208 2097 Quare,
1234 2035 1301 2080 cum
1329 2019 1467 2081 voluntas

300 2116 413 2180 nonnisi
434 2132 451 2178 3
473 2116 547 2178 bono
567 2115 646 2177 allici
668 2116 770 2192 possit,
791 2116 879 2193 11333
899 2117 1005 2178 melius
1025 2117 1055 2178 in
1077 2115 1148 2191 Deo,
1169 2126 1258 2194 quam
1283 2118 1313 2178 13
1334 2115 1467 2194 quelibet

300 2214 356 2278 alio
377 2213 499 2288 obiecto,
521 2213 643 2275 inveniri
665 2213 842 2289 perspiciam
863 2213 1046 2291 impossibile
1065 2223 1158 2277 estut
1179 2213 1272 2277 31133
1292 2230 1323 2276 se
1338 2223 1465 2288 avertat,

301 2320 418 2391 propter
438 2311 559 2374 alterius
581 2311 648 2373 boni
670 2325 809 2373 amorem.
825 2308 868 2372 At
888 2317 989 2374 contra
1004 2309 1095 2384 Deus,
1117 2313 1261 2388 praesenti
1284 2321 1467 2376 333133333-

301 2410 422 2490 gnitioni
442 2409 629 2486 respondens,
653 2416 739 2486 prout
761 2408 903 2470 terminus
923 2416 970 2471 331
989 2409 1099 2471 ordinis
1121 2411 1239 2472 moralis
1258 2411 1463 2484 conservandi,

300 2510 384 2572 nobis
405 2508 543 2572 obiicitur
563 2515 715 2584 tamquam
743 2506 854 2584 aliquid
884 2506 1037 2582 adeptione
1065 2507 1200 2581 arduum,
1226 2508 1304 2585 quod
1325 2508 1467 2570 nimirum

300 2607 407 2684 attingi
427 2623 444 2668 3
464 2607 548 2669 nobis
564 2614 696 2684 nequeat,
711 2607 780 2684 3313
796 2608 854 2669 rim
870 2607 1055 2684 passionibus
1068 2608 1239 2682 inferamus,
1253 2617 1282 2670 et
1297 2624 1351 2671 non
1369 2624 1463 2686 pauca

298 2706 373 2768 bona
394 2721 411 2766 a
433 2701 523 2767 nobis
538 2705 720 2778 abdicemus,
734 2721 810 2783 3333
831 2705 859 2767 13
878 2707 1023 2783 praesenti
1045 2721 1096 2768 nes
1118 2708 1302 2789 vehemente,n
1322 2705 1464 2768 alliciunt.

300 2798 545 2874 Quarevvoluutas
559 2792 642 2864 extra
655 2802 786 2864 ordinem
803 2802 942 2865 moralem
956 2810 987 2866 et
999 2810 1083 2865 extra
1097 2801 1192 2865 Deum
1208 2803 1251 2865 sic
1268 2811 1469 2883 perspectum,

300 2899 384 2976 plura
405 2899 480 2961 bona
501 2899 618 2976 reperit,
632 2899 741 2977 quibus
756 2899 910 2962 sollicitari
925 2916 957 2962 se
971 2900 1160 2977 persentiscit
1174 2907 1205 2962 et
1219 2916 1236 2961 a
1252 2901 1351 2962 divino
1365 2915 1470 2962 amore

301 2995 443 3058 abstrahi.
458 2995 557 3072 Atque
576 2995 607 3057 id
628 2996 726 3073 ipsum
747 2996 963 3074 sapientissime
984 3012 1002 3058 3
1024 3012 1139 3060 summo
1160 2995 1286 3060 Rectore
1300 2997 1471 3060 ordinatum

301 3100 357 3166 est,
378 3103 411 3155 ut
425 3094 541 3171 adeptio
561 3093 711 3156 felicitatis
727 3094 847 3156 ultimae
867 3101 897 3156 et
918 3094 1112 3171 sempiternae
1133 3095 1294 3171 praemium
1311 3097 1350 3156 sit
1366 3095 1472 3157 virtuti

303 3191 494 3268 propositum,
514 3198 544 3253 et
564 3191 602 3253 ab
623 3191 740 3254 homine
762 3191 888 3268 propriis
911 3192 974 3252 suis
995 3191 1160 3254 actionibus
1180 3193 1394 3270 quodammodo
1408 3191 1477 3255 ela-

300 3292 435 3366 boretur;
458 3290 703 3368 quemadmodum
724 3296 831 3351 natura
852 3290 928 3351 entis
947 3289 1031 3352 liberi
1053 3297 1083 3351 31
1104 3290 1254 3354 3311333113
1274 3291 1412 3369 exquirit.

352 3503 386 3564 (ll
405 3503 517 3552 Summa
535 3502 570 3550 th.
587 3500 623 3550 1⁸.
641 3500 689 3549 2⁸⁶.
708 3516 730 3565 3.
748 3500 791 3564 lV,
809 3510 855 3552 art.
873 3502 894 3550 7.
