3159 4934
310 336 362 394 158
593 350 635 392 tus
654 348 776 392 NATURAE
795 368 804 377 ·
821 350 890 389 PARS
908 350 926 391 1.
945 349 985 391 1118
1003 350 1175 393 tuntvtot'ntu

313 475 449 549 potestas.
465 466 595 544 Itemque
608 464 809 542 suimetipsius
821 464 983 527 interfectio
997 480 1053 526 uon
1067 465 1254 537 fortitudinis,
1269 464 1320 527 sed
1339 464 1479 543 ignaviae

309 567 477 645 exemptum
506 564 642 642 praebet;
673 571 825 641 propterea
852 564 929 625 euim
955 563 1086 642 eiigitur,
1115 572 1147 625 ut
1175 563 1250 625 mata
1279 564 1367 625 troius
1393 564 1479 626 vitae

308 667 466 745 fugiantur.
483 660 582 727 Fortis
597 668 694 724 autem
708 662 757 723 iile
778 670 831 738 est,
846 662 896 739 qui
912 660 1159 723 tumultuantibus
1171 661 1327 724 affectibus
1341 661 1480 724 domina-

308 772 367 837 tur,
382 769 412 824 et
432 761 579 824 constanti
598 759 694 821 animo
715 758 793 819 mata
814 758 978 836 ingruentia
1000 758 1112 832 tolerat,
1128 774 1163 823 ne
1183 776 1201 820 3
1221 759 1329 821 virtute
1341 759 1476 821 deficiat.

771 1034 941 1098 Anmeunus
961 1032 1012 1097 111.

583 1162 631 1228 De
655 1166 777 1229 indusio
802 1164 998 1247 aggressione
1016 1163 1200 1243 repellendo.

350 1346 398 1410 57.
411 1343 528 1431 ssupiex
540 1341 691 1429 quaestio.
707 1342 751 1406 113
763 1344 859 1406 officio
871 1344 970 1405 tuendi
985 1343 1075 1405 vitam
1087 1358 1123 1406 ac
1136 1343 1211 1406 bona
1222 1350 1286 1405 tum
1298 1344 1397 1417 animi,
1410 1351 1478 1406 tum

310 1444 450 1525 corporis,
461 1444 594 1523 sequitur
608 1442 733 1505 facultas
748 1441 911 1503 removendi
932 1441 1092 1515 obstacula,
1107 1457 1183 1519 quae
1196 1441 1270 1504 forte
1284 1450 1476 1520 aggeruntur.

309 1540 385 1605 Hinc
400 1542 445 1603 ius
466 1541 560 1602 iustae
574 1540 758 1603 defensionis.
775 1540 816 1599 At
831 1539 856 1599 si
871 1540 1023 1599 materiam
1039 1540 1115 1601 franc
1129 1539 1197 1612 fate,
1217 1547 1360 1616 quantum
1383 1546 1478 1616 patet,

255 1660 262 1679 ·
308 1639 455 1717 explicare
470 1637 619 1711 vellemus,
635 1637 684 1698 vix
698 1644 749 1697 aut
769 1651 805 1697 nc
821 1637 869 1697 vix
889 1636 1007 1713 quidem
1021 1636 1133 1715 integer
1142 1635 1217 1698 liber
1233 1638 1390 1699 sufficeret.
1408 1636 1479 1700 Ser-

311 1754 424 1802 monem
438 1738 529 1815 igitur
543 1735 580 1797 ad
596 1735 653 1797 duo
675 1742 786 1797 tantum
804 1736 915 1811 potiora
929 1736 1026 1812 capita
1041 1735 1256 1813 restringimus,
1270 1748 1345 1810 quae
1358 1734 1476 1797 facilius

309 1842 467 1899 occurrunt
478 1841 507 1896 et
518 1833 615 1895 miuus
632 1833 751 1894 dubiem
766 1832 1006 1911 disceptationem
1019 1832 1214 1911 suppeditant.
1227 1828 1358 1894 Primum
1369 1842 1425 1911 est,
1436 1848 1475 1895 an

309 1934 396 1995 liceat
415 1934 475 1995 vim
497 1932 525 1993 vi
548 1931 697 2010 repetiere,
719 1946 813 2008 usque
843 1931 881 1992 ad
912 1930 1013 1993 iniusti
1034 1930 1215 2009 aggressoris
1236 1930 1476 1993 interfectionem.

309 2030 454 2103 Alterum,
468 2044 538 2090 num
554 2043 605 2105 pro
630 2030 740 2091 honore
754 2028 862 2090 tuendo
875 2027 990 2090 licitum
1007 2029 1047 2089 sit
1060 2027 1209 2107 singulare
1223 2035 1381 2101 certamen,
1393 2028 1476 2106 quod

310 2126 439 2191 duellum
461 2125 619 2204 appellant·
1163 2135 1167 2141 ·

724 2298 1042 2385 rnorosmrouus.

349 2502 401 2586 58.ι
418 2518 596 2584 Pnnrosmm
620 2516 663 2580 1¹.
684 2515 773 2580 Licet
790 2516 854 2579 cim
875 2516 907 2578 vi
929 2514 1083 2595 repetiere,
1104 2533 1202 2596 usque
1224 2516 1399 2580 33113133ιὶ
1418 2535 1475 2596 ag·

307 2619 461 2700 pressores
481 2635 592 2693 necem,
614 2619 737 2678 3333313
760 2617 864 2677 tamen
884 2612 1091 2678 moderamine
1110 2612 1289 2694 romipetae
1311 2614 1433 2677 1313133.

351 2716 436 2780 Proh.
445 2715 576 2779 iniustus
591 2728 745 2794 aggressor
755 2714 782 2775 is
796 2712 918 2785 dieitur,
929 2713 978 2789 qui
989 2712 1178 2791 aggrediendi
1191 2712 1240 2774 ius
1250 2712 1363 2775 nultum
1377 2711 1477 2775 habet

311 2812 392 2879 Tafis
409 2828 465 2876 uon
486 2820 540 2887 est,
560 2814 613 2891 qui
637 2812 856 2890 aggressionem
878 2818 995 2873 exercet
1019 2810 1135 2872 nomine
1156 2809 1290 2887 publicae
1311 2810 1478 2888 potestatis,

311 2914 358 2976 cui
381 2913 515 2976 resistere
536 2927 591 2974 non
612 2910 684 2973 licet
698 2912 814 2988 privato
834 2910 957 2973 nomini.
973 2907 1013 2973 Ut
1026 2917 1125 2972 autem
1142 2916 1275 2972 servetur
1289 2910 1475 2973 moderamen

310 3008 489 3089 inculpetue
513 3008 637 3083 tutelae,
659 3008 715 3071 hae
739 3008 920 3071 conditiones
948 3008 1150 3085 requiruntur:
1174 3005 1197 3071 t.
1224 3006 1262 3071 Ut
1291 3008 1336 3069 vis
1357 3008 1387 3069 iu'
1406 3014 1477 3069 actu

310 3106 505 3187 aggressionis
535 3112 708 3185 opponatur,
730 3121 784 3168 nec
807 3112 945 3183 suppetat
976 3104 1052 3167 alius
1079 3104 1183 3168 modus
1208 3105 1359 3169 evadendi.
1380 3102 1417 3169 ii.
1438 3102 1479 3195 tit

310 3203 477 3283 aggressori
492 3217 549 3265 uon
564 3202 631 3281 plus
651 3203 751 3264 damni
771 3203 923 3281 inferatur,
936 3217 1025 3279 quam
1048 3216 1165 3265 neceam
1178 3203 1217 3264 sit
1231 3202 1268 3264 ad
1281 3204 1346 3265 eius
1359 3218 1480 3280 aggres-

311 3305 422 3366 sionem
436 3301 636 3364 frustrandam
650 3302 765 3364 effectu.
777 3297 827 3365 111.
842 3299 883 3365 Ut
896 3301 972 3363 inter
986 3300 1057 3375 vim,
1070 3317 1145 3380 quae
1158 3302 1324 3381 aggressori
1345 3302 1478 3374 infertur,

310 3412 340 3464 et
360 3402 477 3479 bouum,
498 3399 577 3483 quod
599 3414 649 3477 per
670 3414 733 3460 eam
755 3398 929 3471 defenditur,
950 3398 989 3460 sit
1010 3400 1168 3477 proportio.
1184 3397 1236 3463 tv.
1251 3397 1291 3463 Ut
1311 3416 1345 3462 ea
1360 3402 1406 3462 vis
1419 3414 1478 3463 non

125 3568 126 3571 ,
211 3570 213 3577 ¹
311 3497 470 3562 ulciscendi
492 3496 588 3559 auimo
602 3496 754 3568 inferatur,
768 3496 821 3558 sed
835 3496 971 3573 propriae
987 3505 1102 3559 tantum
1116 3497 1289 3560 defensionis
1302 3498 1407 3576 gratia.
1422 3495 1479 3560 His

312 3596 479 3673 praetactis,
493 3594 653 3673 propositio
667 3592 753 3656 facite
766 3593 993 3657 demonstratur.
1008 3591 1084 3663 Nam
1099 3595 1151 3674 qui
1165 3612 1183 3657 a
1197 3604 1302 3658 natura
1321 3595 1368 3657 ius
1388 3596 1478 3658 habet

315 3692 483 3772 possidendi
498 3690 619 3770 aliquid,
633 3692 725 3754 habet
745 3691 834 3753 etiam
849 3690 897 3752 ius
912 3691 1070 3770 repellendi
1083 3707 1135 3769 per
1157 3692 1216 3754 vim
1230 3692 1386 3767 contraria,
1402 3708 1479 3772 quae

313 3806 414 3878 posses
434 3790 439 3803 '
461 3790 491 3865 ni
502 3789 545 3851 illi
558 3796 751 3867 opponuntur.
763 3786 814 3850 fus
825 3789 912 3862 enim,
923 3796 957 3850 ut
970 3789 1110 3864 diximus,
1120 3799 1228 3854 natura
1242 3807 1296 3853 sua
1310 3791 1478 3854 coactivum

310 3895 366 3949 est.
527 3903 544 3951 o
558 3888 649 3951 homo
662 3902 681 3949 3
694 3895 800 3949 natura
814 3886 860 3947 ius
873 3887 982 3949 habeat
995 3888 1186 3951 conservandi
1200 3889 1292 3961 uitam
1306 3904 1342 3951 33
1361 3888 1476 3967 reliqua

312 3984 398 4058 nona,
419 3986 481 4049 sive
501 3986 592 4048 animi
606 3985 668 4049 sive
688 3984 837 4063 corporis3
854 3950 1035 4061 constituens
1048 3993 1094 4048 est
1114 3993 1148 4048 ut
1162 3986 1210 4048 ius
1229 3986 1338 4050 habeat
1358 3986 1481 4065 propul-

314 4082 398 4143 sandi
419 4084 448 4146 vi
463 4084 690 4163 aggressionem,
710 4097 787 4161 quae
807 4082 905 4160 ipsum
928 4082 1012 4147 bonis
1026 4082 1064 4145 iis
1084 4083 1194 4146 iniuste
1215 4085 1332 4162 privare
1345 4091 1480 4148 conatur.

312 4178 346 4243 fd
367 4180 491 4243 tnneiari
512 4180 612 4260 nequit
632 4181 686 4244 nisi
707 4181 745 4254 is,
765 4181 818 4259 qui
839 4180 885 4243 vel
906 4187 1041 4243 naturam
1062 4182 1137 4244 iuris
1157 4182 1281 4261 ignoret,
1303 4183 1349 4246 vel
1372 4184 1421 4245 ius
1442 4186 1484 4245 ab

313 4276 419 4341 iniuria
440 4277 537 4342 cottidi
559 4293 645 4356 posse
659 4279 827 4343 contendat.
848 4276 909 4342 Nec
929 4281 1037 4354 obstat,
1057 4280 1325 4359 quodnuiusmodi
1339 4283 1413 4351 iuris
1427 4283 1485 4345 de-
