3159 4934
303 293 387 337 carm
406 296 440 338 ur.
459 296 493 338 ou
512 297 652 341 exterma
668 298 814 351 autemst,
833 300 945 342 murnum
964 300 1086 343 necunsm
1226 289 1274 347 att

109 408 163 486 qui
182 406 337 472 Ecclesiae
357 409 492 472 militiam
513 412 707 490 constituunt,
721 410 860 475 admouet
879 428 916 475 ue
937 414 1025 476 rebus
1049 415 1233 491 temporariis
1247 431 1279 477 se

109 502 573 571 immisceautrNemomilitana
583 496 1280 592 leo,empltootsenepottlssaeculariorum).

108 598 233 681 Quoties
253 619 322 667 uero
336 605 372 667 de
393 605 476 668 bouis
497 606 587 669 huius
609 607 686 670 vitae
707 607 838 682 disserit,
851 608 927 671 nihil
946 609 1128 687 frequentius
1145 609 1282 673 fidelihus

107 700 249 775 inculcat,
269 717 359 780 quam
382 711 415 765 ut
433 705 504 767 inde
524 706 654 767 animum
675 706 859 780 abstrahant,
879 714 968 785 atque
996 706 1111 771 altioris
1132 706 1200 769 honi
1222 706 1282 769 siut

108 814 269 862 memores:
289 799 351 879 Qui
362 806 498 911 ademtae
510 800 566 865 ltoc
585 802 888 894 mundoklomqpom
906 822 969 893 uon
982 807 1117 893 celaretur
1132 801 1187 884 (lh
1200 801 1280 885 ,Non

109 895 258 961 hebenus
285 895 335 962 ltic
361 877 728 980 mammaemammal,
756 899 813 965 aed
839 890 985 981 futuram
1012 888 1202 981 inquirimus
1223 901 1282 984 (3);
1340 936 1342 943 ι

107 994 309 1079 antepones
329 996 518 1077 impietatem
538 1001 569 1061 et
588 999 768 1063 saecularia
791 996 955 1077 desiderio,
976 1000 1075 1064 sobrie
1095 1004 1125 1063 et
1146 1002 1234 1065 iuste
1251 1005 1282 1064 et

103 1097 162 1175 pie
173 1095 313 1159 cavemus
326 1096 361 1157 in
380 1094 436 1158 leuc
455 1096 586 1180 soeculo,
601 1102 800 1176 expectantes
820 1096 941 1161 beclem
960 1116 1046 1179 spem
1066 1102 1096 1161 et
1109 1097 1280 1162 adventum

105 1194 228 1275 plomoe
248 1195 356 1276 mopm'
375 1187 438 1269 Dei
451 1193 502 1274 (4).
523 1194 570 1258 En
591 1212 708 1274 scopus,
729 1198 778 1259 cui
800 1197 913 1271 fideles,
935 1205 1021 1275 prout
1044 1196 1117 1261 tales
1138 1207 1216 1275 suut,
1238 1197 1281 1259 in·

108 1294 248 1367 tendunt;
270 1309 306 1356 eu
328 1294 451 1372 spiritus
472 1292 637 1369 Ecclesiam
660 1310 696 1369 en
718 1295 862 1369 doctrina,
877 1310 968 1374 quam
989 1296 1075 1357 nohis
1096 1294 1281 1357 tradiderunt

107 1391 253 1470 Apostoli.
268 1389 326 1467 Qui
348 1408 417 1456 vero
437 1394 617 1456 contrarium
638 1393 795 1470 insinuaut,
810 1392 978 1472 religionem
999 1409 1036 1456 er
1057 1392 1157 1456 diviua
1178 1394 1208 1454 iu
1225 1395 1281 1455 hu·

108 1504 227 1552 manem
249 1498 432 1565 convertunt,
446 1498 477 1553 et
498 1492 585 1553 finem
599 1489 751 1554 Ecclesiae
764 1506 833 1553 cum
848 1492 906 1553 fine
927 1490 1023 1553 civilis
1041 1491 1193 1553 societatis
1213 1506 1282 1553 con·

106 1588 249 1662 luuddnt3
270 1588 337 1650 aliis
359 1590 468 1662 verbis,
489 1589 681 1651 naturalismo
703 1588 864 1652 Gentilium
886 1588 1076 1651 restaurando
1096 1587 1280 1651 adlaborant.

150 1683 181 1749 Si
202 1702 272 1748 uera
291 1686 422 1749 felicitas
443 1687 653 1760 consideretur,
675 1689 732 1749 hoc
752 1688 817 1763 ipso
837 1686 916 1764 quod
937 1686 1099 1749 christiana
1122 1685 1225 1764 religio
1238 1684 1284 1745 lu-

107 1791 207 1846 turam
229 1792 377 1862 procurat,
398 1793 581 1862 praesentem
609 1784 698 1847 etiam
719 1786 823 1862 giguit.
849 1782 917 1848 Vita
938 1784 1015 1847 euim
1037 1799 1177 1861 praesens
1199 1781 1280 1844 aliud

105 1898 212 1945 revera
225 1897 282 1945 non
295 1890 352 1956 est,
364 1882 422 1944 nisi
435 1882 553 1944 suturae
568 1881 734 1945 tirocinium
748 1890 778 1945 et
794 1881 884 1944 veluti
899 1882 1100 1961 praeparatio;
1112 1894 1147 1943 ac
1163 1879 1283 1958 proinde

106 1979 175 2042 eius
190 1996 258 2042 tera
279 1979 418 2056 perlectio
439 1979 553 2042 nonnisi
573 1995 610 2041 ex
630 1979 812 2043 ordinatione
833 1978 871 2041 ad
891 1978 972 2041 illam
994 1978 1150 2041 iudicanda
1172 1984 1202 2040 et
1222 1993 1284 2039 me·

106 2078 210 2141 tienda
238 2085 290 2143 est.
313 2075 398 2149 Quod
425 2093 495 2139 saue
514 2092 571 2139 non
600 2084 714 2139 tautum
736 2075 772 2139 de
799 2076 968 2139 hominihus
989 2090 1128 2138 seorsum
1152 2075 1282 2152 acceptis

108 2174 172 2238 dici
186 2174 282 2253 dehet,
294 2174 346 2237 sed
361 2174 397 2237 de
415 2175 601 2238 multitudine
614 2176 679 2252 ipsa
692 2175 844 2239 homiuum
859 2176 1030 2237 societatem
1045 2173 1283 2245 edormantium3

107 2273 165 2351 qui
186 2282 264 2335 certe
279 2273 429 2335 societatis
449 2273 585 2351 ingressu
600 2280 735 2335 naturam
757 2275 918 2336 humanam
938 2288 995 2335 nou
1017 2282 1129 2334 exuunt
1151 2271 1203 2333 sed
1218 2285 1284 2347 per·

107 2371 227 2433 ficiunt.
242 2368 337 2434 lmmo
357 2371 519 2433 christiana
541 2369 651 2448 religio,
668 2370 738 2433 licet
758 2370 910 2445 indirecte,
930 2368 1011 2433 civili
1033 2369 1166 2432 culturae
1187 2368 1282 2431 mari·

107 2483 231 2547 mopere
251 2471 346 2532 lavet:
367 2485 424 2531 non
445 2468 532 2531 modo
552 2469 622 2547 quia
650 2468 763 2532 animos
790 2477 911 2532 exornat
933 2484 1002 2531 vera
1032 2468 1150 2545 virtute,
1172 2468 1283 2530 civium

107 2568 244 2645 propria;
256 2565 306 2629 sed
321 2565 410 2629 etiam
427 2566 497 2645 quia
511 2565 655 2627 inlluxum
671 2566 830 2628 salutarem
844 2574 962 2629 exercet
974 2566 1004 2627 iu
1020 2566 1084 2644 ipsa
1099 2565 1282 2628 incrementa

107 2665 286 2727 materialia.
302 2662 369 2727 Nou
390 2665 468 2725 enim
483 2679 582 2725 rerum
604 2663 756 2726 sensilium
773 2671 947 2742 apparatum
969 2670 1021 2725 aut
1036 2664 1114 2726 vitae
1128 2662 1284 2726 commoda

108 2772 221 2825 temere
240 2763 346 2840 reiicit,
368 2762 421 2824 sed
443 2763 484 2824 ita
505 2760 645 2839 admittit,
661 2769 693 2823 nt
714 2762 812 2824 altiori
833 2762 1003 2839 porrectiori
1026 2778 1081 2824 nou
1102 2768 1236 2833 noceant,
1252 2768 1283 2823 et

109 2859 168 2922 tali
188 2860 282 2939 pretio
294 2861 468 2940 habeantur,
482 2858 564 2939 quali
586 2874 638 2937 pro
653 2860 757 2922 mento
772 2859 876 2936 haberi
891 2859 1005 2921 dehent.
1021 2855 1097 2921 Tum
1112 2859 1202 2921 etiam
1219 2859 1284 2920 uul-

107 2960 174 3022 lum
195 2960 334 3021 allectum
349 2958 498 3020 innatum
517 2958 673 3020 tundalum
694 2958 879 3030 condemnat,
893 2957 944 3019 sed
966 2958 1090 3020 allectus
1111 2973 1212 3021 omnes
1226 2958 1282 3019 rite

107 3058 228 3120 ordinat
241 3057 281 3119 ad
295 3071 466 3133 supremum
481 3055 609 3118 hominis
625 3056 742 3117 honum.
757 3054 806 3117 Ad
821 3070 977 3128 summam,
992 3057 1049 3117 hoc
1070 3055 1156 3118 lacit:
1173 3063 1205 3118 ut
1225 3071 1281 3118 non

108 3155 180 3217 fluis
199 3170 235 3217 ex
257 3154 373 3231 mediis,
394 3152 445 3215 sed
473 3153 569 3214 media
590 3168 625 3214 ex
647 3153 704 3215 fine
725 3152 899 3216 iudicentur.
925 3150 1002 3217 Vera
1030 3152 1130 3216 autem
1159 3153 1283 3226 cultura,

108 3252 336 3331 qualiscumque
350 3254 399 3324 sit,
414 3251 540 3313 maxime
556 3250 660 3328 pendet
673 3267 709 3313 ex
725 3267 778 3312 usu
794 3266 892 3313 rerum
907 3251 991 3313 iuxta
1006 3251 1137 3314 debiturn
1157 3256 1281 3314 naturae

108 3348 257 3424 ordinem3
271 3365 325 3412 uec
340 3365 413 3410 usus
428 3348 598 3411 huiusmodi
618 3348 768 3426 possibilis
789 3349 902 3412 homini
922 3359 977 3424 est,
992 3350 1047 3412 nisi
1067 3350 1131 3411 eius
1153 3357 1280 3411 merset

109 3447 250 3510 voluntas
271 3446 414 3508 stabiliter
434 3446 613 3510 adhaereant
633 3446 685 3508 hui
707 3446 821 3510 ultimo.

155 3542 220 3607 tto.
236 3541 281 3609 lix
295 3540 358 3609 line
373 3539 536 3609 Ecclesiae
558 3542 691 3610 resultat
712 3549 744 3611 ut
758 3542 798 3611 sit
819 3560 890 3612 uua.
904 3544 977 3608 Cum
1001 3561 1108 3622 scopus
1129 3545 1280 3608 societatis

108 3640 267 3721 religiosae
286 3657 343 3705 non
363 3642 489 3721 pendeat
509 3657 526 3703 a
547 3641 689 3704 varietate
709 3641 768 3704 ulla
789 3643 926 3706 locorum·
942 3642 987 3705 rel
1008 3658 1213 3720 personarum,
1230 3643 1283 3706 sed

108 3740 291 3804 immutabili
312 3747 342 3803 et
369 3738 524 3802 universali
547 3739 682 3802 relationi
709 3740 886 3818 respondeat
907 3739 1037 3803 omnium
1064 3740 1216 3803 hominum
1246 3742 1283 3804 ad

106 3836 223 3915 Deum;
246 3838 358 3917 liquido
379 3845 469 3916 patet,
488 3853 554 3900 eam
582 3844 687 3900 natura
708 3854 762 3899 sua
788 3853 875 3902 uuam
896 3852 961 3900 esse
990 3845 1125 3916 oportere
1144 3844 1175 3901 et
1194 3838 1283 3902 nullis

156 4009 196 4070 ’(1)
212 4010 234 4057 Il
251 4010 293 4057 nd
312 4008 491 4060 Timotheum,
508 4007 539 4058 ll.

161 4091 197 4153 (2)
213 4092 225 4139 Ι
240 4092 283 4139 Ad
302 4091 364 4140 Cor.
380 4088 433 4138 vll.

161 4170 197 4232 (3)
213 4172 257 4219 Ad
272 4171 351 4219 Heba.
367 4169 431 4218 xffl.

159 4252 194 4313 (t)
210 4252 254 4300 Ad
273 4250 375 4304 Titum,
393 4250 434 4299 11:
