3159 4934
391 324 475 368 carun
493 325 510 367 r.
530 325 565 368 nn
582 325 641 367 rrnn
659 324 829 368 ornunmonrs
844 325 973 369 numanae
1226 316 1256 370 ti
1349 369 1351 373 ,

109 453 199 501 caecae
220 445 289 500 sunt
309 447 338 500 et
360 437 473 515 fatales,
489 454 541 502 nec
559 437 621 501 ullo
642 439 729 503 modo
750 453 790 500 ex.
808 454 850 511 se,
865 438 916 522 sed
937 441 1022 502 unice
1043 455 1079 502 ex
1100 438 1266 504 Conditnris

107 529 245 598 voluntat'e
269 543 298 598 et
319 535 446 600 motione
467 536 634 598 incitantur.
658 534 707 601 Sic
728 535 805 614 lapis
829 537 921 600 lertur
942 537 1094 611 deorsum;
1115 547 1144 600 et
1165 540 1265 616 planta

106 634 255 696 sucerescit
268 641 298 695 et
312 634 464 712 germinat.
481 631 573 696 Bruta
589 649 657 696 vero
672 634 845 706 animantia,
859 642 961 713 utpote
975 635 1107 712 praedita
1123 637 1264 701 sentiendi

106 733 246 806 facultate,
261 733 289 794 vi
303 733 389 794 cuius
403 731 564 812 peculiaria
579 733 667 807 lacta,
682 733 718 796 ad
740 735 874 797 ordinem
889 750 1061 812 corporeum
1080 737 1266 812 pertinentia,

106 831 277 909 percipiunt;
301 831 490 909 propensione
518 831 600 893 vitali
628 831 658 892 in
687 831 749 894 suis
777 831 907 900 motibus
935 833 1112 907 afficiuntur,
1133 848 1209 911 quac
1228 850 1266 896 ex

106 929 200 991 obiecti
212 927 328 992 'externi
343 929 474 992 sensionc
488 929 646 992 excitatur.
663 926 760 1001 Quare
775 929 982 1007 appetitionem
995 930 1110 1007 proprie
1121 939 1266 1004 exercent,

107 1027 165 1098 ticet
185 1027 325 1088 instinctu
347 1027 580 1104 determinatam,
601 1035 756 1104 propterea
777 1025 856 1104 quod
877 1026 1070 1106 intelligentia
1091 1029 1240 1091 orbantur.

140 1123 164 1186 5.
187 1121 218 1190 13
240 1119 360 1190 bomine
381 1127 485 1190 tamen
508 1121 590 1208 ripet
612 1121 751 1209 perlecln
773 1120 874 1190 modo.
890 1124 933 1188 At
952 1127 1050 1197 bomo,
1072 1133 1187 1202 praeter
1202 1141 1267 1188 scn-

105 1239 172 1296 sum,
193 1223 315 1286 rationis
336 1229 382 1286 est
403 1223 561 1300 particeps,
584 1237 634 1299 per
655 1237 745 1300 quam
766 1222 907 1286 veritates
927 1223 1017 1285 etiam
1040 1223 1223 1285 universales
1237 1231 1267 1284 et

106 1319 277 1382 necessarias
290 1319 419 1397 attingit,
433 1335 590 1400 rerumque
611 1326 760 1394 naturam,
775 1319 942 1393 relationes,
961 1335 1147 1399 progressus,
1161 1335 1267 1384 causas

106 1426 129 1478 et
147 1418 351 1496 consequentia
367 1417 468 1491 cernit,
484 1425 546 1480 tum
562 1414 701 1494 33333333
714 1433 783 1480 cum
799 1426 951 1480 transacto
965 1426 1120 1494 comparat
1133 1432 1169 1480 33
1184 1433 1268 1494 prae-

106 1515 169 1577 senti
189 1502 320 1578 adnccti't
340 1515 483 1589 futurum,
505 1514 654 1594 totiusque
675 1515 754 1576 vitae
776 1531 848 1578 3333
869 1525 989 1577 cursum
1011 1516 1154 1594 agnoscit.
1170 1513 1268 1589 03333

106 1612 166 1689 quid
187 1612 243 1674 sibi
266 1613 419 1699 conveniat
440 1618 492 1675 aut
512 1611 660 1692 discrepet
680 1611 765 1675 lacile
787 1613 910 1685 iudicat,
930 1615 961 1675 in
982 1615 1191 1692 obiectumque
1211 1630 1268 1676 non

106 1725 182 1773 cacco
201 1710 314 1787 impetu
334 1710 437 1782 fertur,
458 1709 509 1772 scd
531 1716 613 1772 motu
634 1709 797 1772 voluntatis
818 1710 1004 1773 deliberatae.
1025 1708 1103 1774 Hinc
1132 1717 1267 1789 respectu
1296 1747 1299 1751 ν

104 1809 218 1870 actionis
237 1809 426 1882 exercendae,
447 1815 480 1869 ut
502 1809 575 1870 scite
596 1808 725 1870 advertit
745 1805 775 1872 S.
793 1806 935 1882 Tbnmas,
950 1809 978 1871 in
995 1810 1051 1872 boc
1066 1810 1154 1873 bomo
1169 1809 1278 1872 differt

103 1906 232 1967 arcteris
245 1905 346 1968 causis
360 1906 473 1967 ratione
488 1903 668 1978 carentibus,
679 1906 761 1984 'quod
784 1906 824 1968 sit
843 1906 980 1968 dominus
994 1922 1115 1972 suorum
1136 1914 1267 1970 actuum.

103 2000 168 2066 Cum
190 2012 287 2090 autem
302 2003 341 2067 sit
355 2003 491 2066 dominus
504 2020 627 2065 sucrum
650 2012 771 2066 actuum
786 2019 838 2082 per
861 2003 1004 2068 rationem
1025 2013 1056 2066 et
1077 2003 1268 2077 voluntatem,

103 2099 161 2164 illae
179 2101 312 2164 actiones
327 2101 442 2179 proprie
456 2101 596 2164 dicuntur
610 2099 774 2180 damonae,
791 2117 843 2164 seu
861 2104 1082 2179 proficiscentes
1096 2103 1134 2164 ab
1150 2102 1268 2164 bomine

43 2227 45 2234 ν
104 2201 286 2278 inquantum
314 2201 402 2263 bomo
431 2208 486 2273 est,
506 2215 583 2278 quae
604 2216 621 2262 3
643 2200 794 2263 voluntate
815 2199 975 2264 deliberata
1001 2200 1171 2278 procedunt.
1196 2196 1266 2261 Illae

106 2307 203 2371 contra,
225 2313 301 2374 quae
321 2296 406 2358 aliter
427 2299 512 2370 finnt,
528 2312 581 2358 sen
594 2313 671 2376 quae
685 2313 741 2360 non
764 2297 926 2375 procedunt
946 2315 963 2360 3
986 2297 1145 2369 voluntate,
1163 2304 1215 2358 aut
1228 2296 1267 2357 ab

104 2393 160 2470 ipsa
178 2397 220 2458 sic
244 2395 406 2473 procedunt
433 2404 466 2457 ut
492 2402 677 2459 antevertant
706 2394 944 2458 deliberationem
973 2395 1106 2472 rationis,
1122 2395 1266 2456 'dicuntur

105 2491 190 2566 potius
211 2495 303 2556 actus
324 2491 468 2568 bominis,
491 2507 581 2570 qnam
605 2494 694 2554 actos
715 2490 849 2555 humani
860 2491 911 2572 (1).

109 2569 162 2669 2.ss-
184 2587 213 2656 ln
236 2586 358 2656 bomine
380 2593 429 2654 est
449 2586 564 2673 duplex
588 2585 744 2674 appetitus
760 2586 840 2656 boni.
864 2588 939 2653 Cum
961 2592 1049 2654 bomo
1063 2605 1118 2652 nnn
1138 2588 1266 2666 simplex

102 2689 239 2764 quaedam
261 2697 367 2750 natura
398 2687 447 2760 sit,
468 2688 520 2750 sed
552 2687 664 2765 duplici
693 2687 840 2750 coalescat
868 2696 961 2766 parte,
981 2703 1104 2765 corpore
1125 2684 1265 2749 nimirum

102 2785 267 2864 animoque;
288 2785 416 2848 efficitur
437 2784 507 2848 binc
540 2794 573 2847 ut
604 2786 668 2849 eius
698 2794 834 2864 respectu
863 2785 991 2867 duplicis
1015 2782 1130 2848 ordinis
1150 2792 1267 2847 exstent

102 2882 178 2958 bona,
194 2884 266 2947 buic
287 2884 398 2962 duplici
413 2884 598 2946 substantiae
612 2885 853 2960 accommodata;
867 2892 906 2960 et,
919 2886 999 2965 quod
1014 2899 1197 2964 consequens
1211 2891 1274 2956 est,¹

100 2979 204 3058 duplici
226 2982 316 3045 etiam
338 2983 469 3060 appetitu
491 2991 620 3062 ornetur,
643 2982 744 3044 sensili
766 2984 883 3047 scilicet
908 2999 943 3046 33
971 2983 1118 3055 rationali,
1139 2997 1265 3061 quorum

101 3079 185 3143 altero
198 3083 237 3144 ad
250 3083 490 3176 333333333333,
505 3081 598 3145 313333
619 3081 656 3144 ad
671 3082 843 3172 spiritualia
863 3082 1030 3146 inclinatur.
1046 3081 1088 3146 At
1109 3098 1180 3145 cum·
1191 3067 1265 3144 baec

101 3177 168 3241 bona
181 3179 258 3243 inter
281 3195 312 3241 se
325 3194 413 3256 33333
426 3189 600 3258 repugnent,
615 3166 883 3266 corumquelt'rmrn
898 3180 1022 3244 alterum
1038 3167 1147 3255 dema't,
1164 3188 1265 3242 contra

99 3273 181 3340 bomo
196 3279 234 3340 ab
249 3273 365 3355 Opiiice
378 3294 410 3338 sa
414 3277 596 3354 pientissimo
618 3287 702 3341 ortus
720 3280 770 3352 sit,
783 3279 835 3357 qui
857 3279 959 3358 nequit
972 3295 1028 3342 non
1043 3277 1118 3341 velle
1131 3277 1263 3340 ordinem

100 3373 126 3433 in
140 3375 244 3450 rebus;
259 3377 333 3438 bona
353 3375 496 3437 eiusmodi
511 3383 601 3454 atque
616 3376 645 3438 in
660 3376 762 3439 eadem
776 3377 927 3455 appetitus
943 3377 985 3438 ita
999 3377 1076 3438 inter
1090 3392 1122 3438 se
1136 3371 1264 3438 ordinari

101 3470 267 3546 debuerunt,
281 3480 314 3535 ut
336 3475 409 3537 bona
433 3488 575 3552 33333333
596 3490 715 3537 3333333
737 3481 837 3537 essent
857 3472 1061 3546 rationalibus,
1074 3480 1162 3550 atque
1176 3485 1265 3546 3333-
1344 3493 1348 3499 ’

101 3567 161 3630 titio
174 3572 289 3634 sensilis
309 3588 325 3632 a
347 3572 480 3635 rationali
506 3572 657 3650 dirigenda
677 3570 879 3649 fomemque
899 3572 930 3633 id
950 3565 987 3633 cx
1007 3585 1042 3636 33
1062 3571 1151 3634 etiam
1173 3576 1264 3644 patet,

97 3666 174 3743 quod
193 3683 272 3745 parc,
292 3669 330 3730 ad
351 3669 509 3748 regendam
531 3669 618 3731 aliam
639 3669 796 3748 destinata,
812 3669 881 3732 talis
902 3685 969 3732 esse
989 3668 1085 3741 debet,
1100 3677 1134 3730 ut
1149 3666 1262 3728 relatio

96 3780 158 3826 nem
173 3775 202 3828 et
216 3767 348 3830 ordinem
363 3767 560 3830 internoscere
582 3767 685 3845 possit.
708 3765 793 3840 Quod
816 3769 961 3841 sensibus,
980 3767 1031 3846 qui
1052 3766 1127 3828 ideis
1149 3764 1265 3825 univcr-

97 3861 206 3926 salibus
219 3873 330 3939 carent,
342 3872 420 3927 certe
436 3880 491 3928 rrnn
506 3865 655 3942 competit,
667 3865 719 3926 sed
734 3866 858 3928 rationis
873 3865 1028 3928 dumtaxat
1041 3871 1087 3926 est
1101 3863 1263 3940 proprium.

96 3955 166 4021 Cum
181 3959 274 4039 igitur
288 3960 404 4022 animus
418 3962 534 4039 corpori
548 3969 678 4038 praestet
699 3969 728 4024 et
750 3960 904 4025 rationalis
925 3960 1074 4038 appetitus
1095 3958 1124 4021 in
1146 3959 1265 4023 bomine

96 4057 132 4119 sit
155 4061 347 4138 praecipuum
368 4059 397 4120 id
427 4057 600 4137 simpliciter
629 4067 764 4137 respectu
792 4057 921 4123 bominis
950 4059 1059 4122 bonum
1088 4058 1156 4131 erit,
1185 4058 1263 4136 quod

139 4271 170 4331 (1)
190 4271 307 4320 Summa
325 4271 362 4320 tbi
378 4269 477 4320 1.³2.⁸⁶
495 4287 518 4334 q.
534 4269 552 4327 I,
569 4285 592 4320 a.
609 4269 630 4319 1.

154 4368 374 4426 1333333333-
386 4369 482 4418 nterea
499 4377 522 4418 et
539 4369 588 4418 Ius
605 4349 727 4418 moturae.
1186 4365 1201 4412 2
1272 4387 1276 4394 ·
