3159 4934
302 248 358 304 tto
629 263 670 306 rus
688 263 812 306 aaronis
824 264 915 306 -rsus
931 264 957 305 u.
976 263 1020 306 xus
1037 262 1145 306 memte

301 376 428 440 ridetur.
443 375 520 440 Nam
541 392 609 440 cum
630 378 791 441 auctoritas
810 378 912 445 ordine
931 379 1078 441 instruere
1098 378 1250 442 civitatem
1272 380 1390 454 debeat,
1405 396 1479 442 nor-

303 490 366 544 mas
386 476 534 553 inprimis
548 477 687 553 praebeat
700 492 820 540 necesse
839 477 1017 554 catonibus
1032 483 1153 538 mutuae
1173 476 1285 538 civium
1308 476 1474 540 relationes

301 574 375 636 iuter
396 590 427 637 se
448 583 659 654 componantur
678 576 716 638 ad
737 579 825 640 tinem
849 592 1034 642 communem
1058 577 1295 654 adipiscendum:
1324 585 1418 656 atque
1444 578 1473 639 in

298 678 440 750 quantum
455 672 486 735 id
500 681 641 752 praestat,
654 673 817 752 legislativa
833 681 977 752 potestate
990 675 1135 736 instructa
1149 689 1213 736 esse
1223 674 1343 737 dicitur.
1356 674 1473 738 Deinde

299 775 414 847 oportet
434 778 467 832 ut
487 771 577 834 scitas
601 771 679 850 leges
699 772 735 834 ad
758 779 858 836 actum
880 773 1012 845 reducat,
1025 787 1134 850 easque
1153 773 1315 850 operationi
1331 780 1363 835 et
1373 775 1468 836 motui

299 867 583 946 civitatisapplieet;
603 869 681 946 quod
710 885 818 932 munus
838 870 996 948 potestatis
1014 869 1202 934 exsecutixae
1224 871 1378 948 proprium
1402 872 1469 933 erit.

299 964 439 1044 Denique,
454 981 522 1030 cum
543 966 611 1030 lites
624 965 785 1047 insurgere
791 969 905 1046 possint
922 968 969 1031 vel
981 969 1057 1032 inter
1072 967 1202 1046 privatos
1216 969 1309 1046 ipsos,
1324 969 1372 1032 rel
1394 971 1474 1032 iuter

297 1052 430 1142 privatos
457 1072 487 1126 et
509 1066 647 1144 regimen,
668 1073 803 1144 respecto
827 1066 935 1129 iunium
959 1082 1036 1145 qnae
1055 1066 1104 1128 lex
1126 1067 1172 1128 vel
1192 1067 1327 1129 concedit
1351 1067 1401 1129 vel
1426 1076 1473 1128 tu-

298 1169 393 1235 tatur;
408 1163 445 1225 ad
458 1178 510 1224 eas
522 1163 711 1239 dirimendas,
726 1171 788 1226 tum
803 1165 891 1227 etiam
907 1164 944 1226 ad
957 1163 1055 1242 legum
1074 1163 1259 1226 violationem
1275 1165 1473 1241 puniendam,

298 1254 451 1322 iudiciaria
473 1262 603 1338 suppetit
625 1270 760 1339 potestas.
776 1262 825 1324 Ad
843 1261 898 1324 bas
918 1272 1015 1325 autem
1039 1269 1137 1340 partes
1156 1269 1253 1324 cetera
1273 1263 1472 1324 auctoritatis

298 1358 397 1420 munia
418 1358 503 1421 facile
524 1367 706 1422 revocantur.
735 1357 801 1424 Hac
821 1360 912 1439 igitur
935 1361 1091 1438 partitione
1119 1360 1298 1433 retentam
1320 1362 1471 1424 membris

297 1456 361 1522 eius
383 1457 542 1534 separatim
563 1456 742 1536 eloquamur.

883 1607 905 1673 Ι.

662 1723 711 1790 De
725 1613 882 1804 potestaste
902 1724 1089 1807 lepisloliou.

335 1845 385 1913 81.
406 1811 526 1916 celeris
541 1853 691 1933 praeslal.
707 1848 849 1928 Suprema
863 1851 940 1912 iuter
955 1858 1052 1927 partes
1064 1849 1251 1913 auctoritatis
1264 1865 1299 1912 ea
1313 1856 1368 1921 est,
1382 1865 1468 1926 puae

295 1948 375 2026 leges
396 1948 530 2010 terendas
550 1947 679 2026 respicit.
694 1945 775 2012 Haec
797 1949 874 2010 euim
889 1947 1007 2025 regulas
1021 1947 1145 2026 imponit
1158 1946 1307 2024 operandi,
1320 1954 1348 2007 et
1362 1946 1459 2007 totins

295 2045 373 2109 vitae
387 2044 503 2108 socialis
519 2045 693 2122 praescribit
706 2045 847 2108 ordinem.
865 2042 947 2108 Unde
961 2044 998 2106 ud
1013 2045 1097 2108 facile
1111 2043 1458 2120 deliniendamguberuii

294 2143 429 2216 sormam,
450 2141 595 2218 dispicere
614 2144 724 2206 sufficit
742 2145 771 2204 in
793 2159 852 2223 quo
873 2143 1004 2206 subiecto
1024 2142 1150 2205 facultas
1169 2144 1268 2222 legum
1292 2142 1467 2204 sciseeuda·

292 2256 364 2303 rum
381 2242 517 2320 resideat,
545 2259 615 2304 uum
636 2243 665 2303 iu
686 2244 804 2305 homine
831 2241 982 2304 individuo
1003 2258 1040 2303 au
1064 2241 1094 2302 iu
1116 2241 1245 2317 plurium
1273 2239 1464 2314 collectioue;

293 2354 351 2417 qua
373 2340 409 2401 de
430 2357 462 2401 re
483 2340 616 2403 diversae
630 2348 747 2402 exstant
762 2339 936 2417 populorum
950 2339 1182 2412 constitutiones,
1197 2347 1284 2416 prout
1298 2355 1368 2400 cura
1389 2354 1469 2416 pro·

292 2440 414 2502 curandi
437 2441 503 2502 boui
524 2441 686 2504 communis
708 2439 758 2500 uni
780 2440 965 2516 potissimum
995 2455 1143 2516 personae,
1164 2439 1247 2500 utin
1274 2439 1467 2513 monarchia,

292 2541 343 2596 aut
365 2539 459 2600 coetui
480 2554 515 2600 ex
538 2537 671 2616 pluribus
686 2537 872 2610 coalescenti,
894 2547 926 2599 ut
946 2538 976 2598 in
997 2538 1103 2599 ceteris
1124 2536 1239 2609 turmis,
1262 2537 1322 2598 sive
1343 2536 1471 2614 simpli·

291 2634 375 2696 cibus
396 2636 458 2698 sive
480 2637 593 2711 mixtis,
614 2628 818 2699 demandaturl
878 2673 882 2679 ‚
1178 2719 1180 2721 ι

333 2729 439 2806 Quare,
449 2733 498 2810 qui
513 2749 580 2795 cum
592 2730 746 2796 Rousseau
762 2748 932 2810 supremum
942 2733 1097 2812 imperium
1113 2733 1220 2811 populo
1230 2733 1468 2796 immutabiliter

291 2827 479 2904 adscribunt3
499 2831 528 2892 iu
549 2829 605 2893 hnc
627 2831 753 2894 maxime
768 2829 950 2904 adlaborant,
971 2839 1004 2893 ut
1025 2838 1159 2893 statuant
1180 2832 1227 2892 ius
1247 2830 1357 2893 terendi
1371 2830 1463 2910 leges

291 2926 407 2987 nonnisi
420 2928 459 2989 ad
473 2927 613 3006 populum
630 2929 782 3005 pertinere.
798 2925 855 2991 Sed
870 2935 984 2990 tautum
999 2929 1084 2991 abest
1100 2935 1133 2990 ut
1146 2929 1204 2991 boc
1219 2928 1267 2990 ins
1282 2931 1310 2995 vi
1330 2936 1465 2992 naturae

292 3022 399 3101 populo
427 3024 604 3099 vindicetur,
612 3027 655 3089 ‘ut
675 3027 775 3104 potius
801 3027 905 3089 rationi
927 3041 982 3088 uon
1003 3026 1077 3089 satis
1094 3033 1231 3088 consonet
1251 3027 1324 3088 illud
1346 3028 1465 3104 populo

290 3129 394 3199 sponte
415 3121 525 3200 largiri.
545 3121 611 3186 Etsi
632 3125 708 3186 euim
731 3124 858 3208 populus
879 3123 1077 3202 necessitates,
1092 3125 1200 3208 quibus
1224 3124 1374 3200 premitur,
1388 3141 1463 3202 per-

232 3261 247 3310 ,
292 3220 444 3293 sentiscat,
459 3219 560 3296 eisque
573 3221 733 3284 remedium
749 3222 897 3298 postulare
913 3222 1021 3296 valeat,
1039 3227 1146 3295 tamen,
1160 3237 1230 3284 cum
1248 3229 1348 3284 careat
1360 3225 1466 3287 seien-

291 3319 331 3380 tia
354 3327 517 3395 opportuna
538 3323 566 3379 et
589 3317 750 3395 prudentia,
776 3328 805 3382 et
829 3319 914 3382 valde
938 3319 1027 3380 animi
1053 3319 1321 3395 perturbationibus
1342 3320 1382 3382 sit
1403 3324 1467 3386 ob-

289 3401 532 3495 noxiuss‘d'c't'p'uit
560 3409 728 3479 discernere
747 3424 776 3478 et
797 3417 918 3479 definire
939 3416 1094 3480 ueletiam
1119 3405 1225 3478 amare
1241 3403 1353 3491 'media
1378 3435 1462 3496 quae

289 3514 477 3592 congruentia
498 3515 566 3588 sint,
586 3521 616 3576 et
637 3514 700 3576 eius
722 3515 844 3578 utilitati
866 3515 909 3577 sic
928 3517 1054 3588 faveant,
1076 3521 1108 3576 ut
1128 3514 1284 3578 altioribus
1299 3516 1383 3579 bonis
1396 3535 1461 3582 uon

226 3608 229 3614 '
289 3611 427 3674 officiant.
450 3609 546 3684 Quare
573 3610 643 3677 licet
673 3613 721 3674 ius
751 3612 928 3697 postulandi,
956 3619 1009 3674 aut
1036 3612 1211 3690 suffragium
1240 3613 1367 3691 eligendi
1393 3630 1466 3690 eos,

287 3709 340 3786 qui
362 3724 416 3771 suo
437 3710 551 3771 nomine
570 3709 649 3788 leges
669 3711 764 3772 ierant
785 3710 821 3789 (si
841 3706 935 3772 forma
957 3708 1107 3788 regiminis
1126 3709 1157 3770 id
1179 3710 1320 3789 patiatur)
1343 3713 1458 3790 populo

289 3806 408 3867 concedi
429 3807 538 3884 possit;
554 3815 649 3870 tamen
669 3807 716 3870 ius
735 3807 922 3870 examinandi
941 3807 1029 3886 leges,
1041 3823 1148 3885 easque
1163 3807 1283 3870 taudem
1300 3810 1458 3875 sanciendi

287 3899 330 3961 illi
352 3904 448 3965 miuus
468 3912 535 3981 apte
556 3913 585 3967 et
606 3905 774 3982 insipienter
789 3906 978 3968 tribueretur.
992 3903 1026 3968 ld
1046 3904 1124 3966 enim
1138 3905 1333 3982 multiplicem
1350 3907 1455 3984 cogui-

287 3997 407 4074 tionem,
421 4001 520 4064 iudicii
536 4004 744 4088 maturitatem,
759 4003 970 4094 constantiam
968 4001 1058 4064 animi
1072 4008 1102 4064 et
1115 4017 1244 4065 amorem
1262 4003 1380 4067 virtutis
1392 4019 1454 4066 uou

289 4093 440 4172 vulgarem
454 4100 591 4178 exquirit,
604 4117 678 4178 quae
695 4101 808 4164 nonnisi
828 4100 858 4162 in
877 4085 1000 4163 cultiore
1020 4107 1050 4161 et
1069 4078 1452 4177 prostambanomenos

285 4199 374 4270 parte
395 4198 586 4260 communiter
607 4199 800 4276 reperiuntur.
