3159 4934
410 551 950 658 PRAEFATIO

144 1593 282 1664 Duobus
306 1589 475 1664 ordinibus
501 1591 572 1662 tota
598 1591 667 1662 rita
699 1589 855 1677 hominis,
882 1591 981 1682 prout
997 1589 1094 1663 homo
1112 1593 1172 1679 est,
1190 1613 1277 1665 oon-.
1380 1644 1383 1646 ψ

90 1718 224 1790 tinetur
249 1718 283 1789 et
308 1715 413 1810 riget3
442 1737 580 1807 quorum
606 1716 748 1787 alterum
773 1715 1009 1806 perspicientia
1026 1715 1108 1804 rori,
1125 1716 1266 1789 alterum

89 1842 258 1936 appetitio
284 1841 364 1914 honi
388 1841 586 1933 suppeditat.
614 1839 679 1912 Illa
704 1840 740 1912 in
766 1841 836 1912 sola
864 1861 974 1913 rernm
991 1841 1267 1933 contemplatione

91 1968 201 2055 sistit,
233 1966 313 2040 haec
341 1965 383 2038 ad
412 1967 632 2058 operationem
662 1987 696 2039 se
725 1966 886 2059 porrigis
916 1966 976 2039 illa
1006 1968 1161 2040 oetentiae
1191 1967 1267 2042 ade·

92 2095 210 2186 ptione
237 2093 391 2166 contenta
417 2093 478 2179 est,
506 2091 587 2166 haec
611 2091 654 2164 ad
678 2091 814 2165 uirtutis
839 2094 1030 2166 exercitium
1057 2095 1193 2186 aspirat.

13 2293 15 2298 ,
146 2219 237 2292 Hinc
263 2218 347 2291 duae
372 2216 601 2311 philosophiae
626 2219 738 2310 partes
764 2221 976 2306 enascuntur,
1002 2221 1217 2316 speculativo
1234 2224 1269 2292 et

13 2401 14 2404 ,
90 2344 268 2442 peramica,¹
291 2343 391 2435 prout
421 2363 459 2415 ea
485 2343 621 2417 scientia
650 2343 846 2417 alterutrum
876 2343 977 2418 finem
1006 2345 1070 2418 sibi
1099 2343 1267 2436 praefigit,

91 2473 131 2542 et
157 2471 210 2542 rel
236 2469 443 2550 intellectum
470 2469 524 2542 rel
552 2469 755 2542 voluntatem
782 2468 1015 2562 perficiendam
1041 2470 1189 2541 assumit.
1216 2469 1268 2540 En

93 2595 263 2668 obiectum
290 2595 324 2666 et
349 2596 486 2676 materia
512 2595 630 2668 tertiae
656 2596 762 2686 partis
788 2594 1043 2668 Institutionum
1070 2595 1267 2680 nostrarum,

95 2741 182 2812 qnae
208 2719 270 2792 hoo
295 2721 460 2792 volumine
485 2719 733 2793 concluduntur.
752 2721 834 2794 dum
851 2721 938 2793 enim
964 2721 1187 2811 superioribus
1205 2719 1268 2792 Lo·

13 2909 14 2916 ,
91 2848 192 2940 gicae
211 2847 243 2918 et
260 2845 507 2939 Metaphpsioae
525 2846 621 2918 libris
642 2846 678 2917 in
696 2845 973 2938 contemplatione
999 2847 1122 2919 uersati
1147 2847 1268 2939 simus3

95 2991 233 3044 necesse
254 2972 306 3044 est
331 2973 368 3044 ut
394 2993 451 3064 pro
475 2971 705 3064 philosophiae
731 2973 965 3062 complemento
990 2973 1032 3046 ad
1056 2972 1184 3064 praxim
1210 2992 1270 3044 nos
1331 3063 1334 3073 Ι

95 3097 341 3184 convertamus,
359 3096 552 3188 inquirendo
574 3096 665 3190 leges
681 3098 801 3187 quibus
818 3097 923 3170 libera
948 3097 1092 3170 hominis
1112 3099 1268 3190 operatio,

97 3222 138 3292 ut
166 3222 251 3293 bono
281 3220 468 3315 adhaereat,
499 3223 710 3313 temperatur.
737 3222 781 3294 Et
811 3223 964 3313 qnoniam
992 3224 1053 3295 sub
1079 3221 1141 3294 hac
1169 3223 1269 3294 etiam

95 3347 362 3421 consideratione
388 3349 509 3440 duplex
535 3349 653 3422 relatio
678 3349 774 3421 nobis
805 3349 903 3436 inest,
929 3350 1090 3439 quamnns
1114 3349 1269 3420 nimirum

92 3495 173 3546 cnm
191 3476 313 3548 mundo
331 3475 493 3546 nectimur
510 3475 563 3546 rel
581 3473 717 3565 physico
736 3475 790 3546 vel
807 3473 966 3560 humanm
984 3473 1104 3546 idcirco
1122 3472 1270 3564 sequitur

92 3602 134 3672 ut
153 3599 262 3689 quoad
280 3600 454 3690 utrumqne
473 3599 655 3690 respectum
668 3600 754 3671 actio
771 3600 885 3671 nostra
903 3597 1138 3685 consideretur,
1152 3618 1269 3688 nempe

92 3727 198 3818 prout
224 3726 277 3797 rel
293 3727 391 3798 rebus
409 3724 543 3811 utimur,
561 3725 614 3797 rel
635 3747 708 3798 cum
725 3723 800 3797 aliis
816 3723 1004 3798 hominibus
1025 3726 1179 3797 societate
1197 3744 1270 3795 con·

93 3853 281 3946 tangimur.

146 3975 207 4064 ht,
218 3976 295 4060 sire
313 3997 410 4048 unam
429 3977 497 4050 sire
510 3977 646 4049 alteram
661 3977 854 4050 relationem
869 3977 1090 4068 dispiciamus,
1103 3999 1270 4068 uunquam

93 4103 260 4197 cogitatio
286 4101 448 4175 avocanda
477 4103 529 4175 est
556 4124 576 4173 a
607 4103 692 4189 Deo;
718 4124 738 4173 a
767 4123 843 4194 quo,
874 4105 1042 4193 tamquam
1071 4125 1091 4174 a
1121 4125 1271 4196 supremo

96 4230 269 4320 Principe,
297 4229 468 4302 dimanant
493 4229 583 4324 leges
610 4249 732 4316 omnes,
759 4228 879 4319 quibus
895 4227 1039 4302 humana
1055 4230 1183 4324 regitur
1200 4248 1274 4319 ope·
1340 4270 1373 4305 aa
