3159 4934
308 338 361 395 322
627 349 669 393 rus
685 349 810 393 utrumn
828 369 839 379 -
856 350 923 393 runs
942 350 967 393 u.
986 350 1029 395 rus
1047 349 1154 395 socrum

348 460 441 526 obite.
459 461 507 529 lll.
521 462 632 527 Coetus
646 463 843 527 ecclesiastici
864 465 1050 544 appellantur
1063 482 1177 528 monus
1191 468 1343 529 morione.
1360 464 1489 531 Harum

306 576 374 624 vero
388 563 555 640 proprietas
565 569 651 625 nocet
664 562 854 641 prosperitati
865 563 1118 627 commerciorum.
1130 562 1209 643 Ergo
1224 581 1240 626 a
1253 562 1338 627 Statu
1354 563 1488 642 politico

306 659 444 737 impediri
464 660 561 723 debet.

341 754 379 820 R.
403 755 562 820 Transeat
581 758 694 835 maior,
714 764 744 821 et
765 774 843 836 nepo
863 757 1022 821 minorem.
1037 756 1113 822 Tum
1131 758 1360 838 independenter
1373 760 1418 823 ab
1440 776 1489 833 ea,

302 871 378 935 nego
398 855 487 919 etiam
510 872 707 935 coeeseqoens.

342 953 512 1032 Appellatio
534 952 585 1015 illa
607 954 738 1030 proiecta
758 961 805 1016 est
824 969 861 1016 ex
883 953 960 1018 malo
982 955 1080 1017 animo
1103 954 1415 1034 pseudopoliticorum,
1433 957 1487 1035 qui

301 1050 341 1113 ad
361 1050 504 1115 invidiam
521 1049 693 1128 proprietati
706 1048 859 1114 Ecclesiae
873 1050 1031 1114 creandam
1045 1048 1149 1115 nonre'n
1164 1052 1237 1115 illud
1250 1052 1486 1132 excogitarunt;

302 1148 382 1227 quod
410 1155 508 1210 tamen
529 1146 662 1225 legitimo
687 1155 718 1210 et
742 1148 840 1211 veraci
862 1163 951 1211 sensu
979 1163 1102 1226 prorsus
1128 1158 1218 1213 caret.
1242 1148 1279 1212 Et
1305 1165 1375 1213 sane
1398 1166 1487 1229 quae

245 1307 251 1317 ,
303 1243 449 1309 sententia
476 1243 519 1307 illi
544 1245 665 1308 subest?
694 1242 828 1308 Proiecto
855 1240 1006 1309 Ecclesiae
1033 1263 1146 1309 mones
1170 1250 1310 1309 morione
1337 1246 1395 1309 dici
1435 1262 1488 1310 ne-

302 1350 423 1423 queunt,
443 1350 589 1422 quatenus
616 1343 701 1416 bona,
721 1359 798 1421 quac
827 1350 932 1423 tenent,
954 1343 984 1405 io
1008 1342 1082 1407 alios
1107 1360 1163 1407 non
1188 1344 1362 1408 diiiundant
1385 1341 1486 1407 Nulla

303 1442 381 1505 enim
403 1442 478 1508 bone
500 1440 597 1519 magis
612 1440 779 1504 communia
795 1447 863 1503 sunt
878 1440 1012 1519 pluribus
1027 1451 1056 1504 et
1071 1440 1234 1519 apluribus
1249 1442 1486 1519 participantur,

302 1555 393 1620 quam
407 1554 441 1602 ea
455 1553 532 1617 quae
546 1535 682 1601 Ecclesia
697 1537 838 1615 possidet.
854 1535 886 1600 ln
903 1539 1006 1615 primis
1021 1539 1098 1601 enim
1117 1540 1263 1612 omnibus,
1277 1544 1428 1617 quotquot
1443 1538 1484 1600 ad

301 1636 504 1701 ecclesiastica
533 1636 692 1698 ministeria
722 1644 873 1709 vocantur,
897 1636 1023 1699 liberum
1047 1636 1160 1699 aditum
1187 1636 1334 1714 praebent.
1362 1633 1485 1699 Deinde

301 1750 451 1814 nunquam
473 1734 502 1796 in
524 1749 614 1797 unam
635 1734 792 1796 dumtaxat
814 1748 968 1813 personam
989 1733 1186 1808 cumulantur,
1209 1734 1259 1795 sed
1280 1734 1480 1797 accommoda

304 1832 513 1896 distributione
532 1831 563 1893 in
583 1830 683 1909 plures
697 1830 921 1908 dispescuntur;
944 1832 1116 1908 praesertim
1138 1832 1167 1893 in
1191 1846 1342 1909 pauperes,
1356 1830 1482 1910 quibus,

301 1929 388 1991 iuxta
402 1926 556 1991 Ecclesiae
569 1942 705 2000 canones,
718 1927 899 2005 erogandum
921 1935 968 1991 est
981 1928 1126 2006 quidquid
1148 1929 1290 1991 bonorum
1307 1929 1344 1991 ab
1361 1928 1479 1991 alendis

301 2025 449 2088 ministris
469 2032 499 2088 et
513 2024 605 2087 divini
626 2024 724 2087 cultus
738 2024 833 2100 nitore
853 2032 982 2102 superat.
999 2023 1081 2090 Unde
1102 2024 1181 2089 nulla
1203 2030 1273 2088 sunt
1287 2026 1318 2087 in
1332 2025 1477 2089 societate

302 2126 390 2199 bona,
404 2138 531 2201 qnorum
547 2122 677 2198 diffusio,
695 2122 772 2185 inter
787 2124 942 2201 populares
957 2124 1130 2202 praesertim
1144 2131 1175 2187 ot
1188 2138 1304 2203 egenos,
1320 2124 1355 2185 sit
1367 2122 1483 2187 maior.

302 2220 389 2297 Quod
410 2222 437 2284 si
457 2221 538 2284 illam
554 2228 654 2283 notam
669 2218 821 2284 Ecclesiae
840 2222 970 2295 inurunt,
986 2228 1139 2299 propterea
1159 2222 1240 2300 quod
1260 2221 1325 2284 eius
1345 2222 1484 2299 proprie·

306 2328 383 2385 tates
405 2320 526 2384 alienari
548 2318 735 2397 nonpossint
754 2335 771 2381 a
787 2319 1015 2395 possessoribus,
1029 2320 1198 2382 societatem
1214 2318 1331 2383 civilem
1352 2318 1385 2380 in
1399 2336 1483 2381 mer-
1568 2386 1569 2393 ,

303 2418 454 2482 cutoriam
475 2424 660 2491 conuertunt,
687 2416 773 2479 cuius
796 2416 975 2495 prosperitas
1004 2416 1117 2480 nonnisi
1140 2432 1176 2479 ex
1204 2416 1283 2479 iacili
1307 2421 1338 2479 et
1357 2414 1483 2479 lucrosa

306 2517 452 2583 mercium
466 2515 696 2580 commutatione
716 2514 857 2577 nascitur.
873 2514 915 2578 At
928 2514 958 2577 in
980 2514 1121 2578 societate
1136 2513 1229 2577 multa
1245 2513 1301 2577 ulia
1316 2514 1395 2577 bona
1415 2528 1484 2591 pro

303 2615 404 2678 curari
424 2614 542 2693 debent,
565 2611 738 2691 praesertim
766 2613 907 2690 perlectio
928 2612 1047 2675 moralis
1074 2618 1103 2673 et
1125 2608 1178 2675 Dei
1201 2611 1310 2685 cultus,
1338 2611 1380 2673 ad
1405 2626 1487 2690 quae

302 2714 433 2775 manime
455 2712 609 2775 conterunt
630 2709 763 2772 redditus
775 2715 945 2771 constantes
959 2708 1122 2783 Ecclesiae;
1140 2724 1176 2772 ac
1192 2708 1312 2788 proinde
1326 2710 1387 2771 hoc
1400 2724 1486 2773 emo·

302 2810 436 2874 lumento
458 2812 533 2873 satis
555 2823 702 2887 superque
722 2808 853 2882 sarcitur
872 2808 1034 2870 materialis
1056 2807 1106 2869 illa
1127 2807 1297 2871 commercii
1311 2808 1442 2882 iactura,
1459 2808 1485 2869 si

303 2924 374 2971 vera
393 2917 483 2970 esset.
500 2905 558 2970 Sed
578 2922 614 2969 ne
635 2906 666 2968 id
685 2905 808 2984 quidem
829 2905 1006 2968 incommodi
1022 2904 1119 2967 locum
1140 2904 1240 2969 babet.
1257 2904 1335 2968 Nam
1357 2919 1417 2969 uon
1432 2905 1486 2967 de·

302 3011 373 3068 sunt
393 3005 602 3067 florentissima
624 3019 730 3083 regna3
752 3019 829 3082 quae
844 3011 892 3066 sat
906 3003 1053 3082 ingentem
1069 3004 1285 3081 proprietatum
1302 3012 1428 3081 partem,
1444 3003 1488 3065 ad

214 3089 217 3095 ’
303 3102 480 3181 optimatum
502 3102 751 3165 conservationem
774 3101 938 3174 tutandam,
960 3100 1080 3163 alienari
1103 3101 1269 3178 prohibent,
1290 3103 1362 3180 quin
1390 3100 1487 3163 ullam
1569 3124 1570 3155 r

303 3218 338 3266 ex
360 3201 417 3263 bac
439 3208 522 3277 parte
543 3200 688 3261 iacturam
709 3198 907 3276 experiantur.
929 3195 1014 3261 Certe
1036 3197 1116 3260 nulla
1136 3205 1183 3260 est
1207 3190 1288 3260 natio
1308 3198 1407 3276 magis
1426 3197 1488 3260 ad-

303 3299 383 3362 dicta
405 3296 601 3369 commerciis,
622 3312 712 3373 quam
733 3296 912 3369 britannica;
935 3302 1077 3357 ettamen
1099 3294 1177 3373 apud
1199 3294 1294 3372 ipsam
1317 3295 1486 3357 immensae

304 3396 499 3476 proprietates
514 3394 555 3455 ita
576 3392 697 3457 lamiliis
712 3393 884 3467 adbaerent,
904 3400 937 3456 ut
958 3393 988 3455 in
1002 3392 1126 3455 alterius
1140 3392 1303 3455 dominium
1326 3393 1486 3455 translcrri

303 3501 457 3573 nequeant.
483 3490 612 3570 Denique
632 3491 698 3569 ipsa
724 3490 887 3553 materialis
915 3490 1095 3568 prosperitas
1121 3490 1247 3553 nationis
1272 3505 1330 3553 non
1355 3506 1394 3553 ex
1419 3488 1484 3555 solo

303 3591 481 3655 commercio
509 3588 656 3652 metienda
677 3595 733 3661 est,
763 3588 816 3651 sed
837 3587 1026 3666 potissimum
1052 3603 1088 3649 ex
1114 3587 1256 3651 facilitate
1282 3588 1485 3651 subveniendi

304 3688 451 3751 classibus
472 3687 679 3766 egentioribus,
700 3701 776 3765 quae
802 3687 942 3749 maiorem
965 3694 1078 3764 partem
1109 3685 1209 3763 populi
1231 3685 1486 3764 complectuntur.

305 3785 354 3849 tu
368 3787 399 3866 id
413 3795 512 3851 antem
530 3786 624 3866 magis
639 3786 751 3850 coniert
765 3784 912 3848 stabilitas
928 3784 1115 3863 pmprietatis
1130 3783 1372 3859 Ecclesiasticae,
1393 3800 1485 3865 quam

305 3884 331 3944 si
343 3882 489 3946 alienandi
507 3883 641 3946 libertate
656 3884 685 3946 in
700 3898 811 3961 pancos
825 3883 920 3962 magis
934 3883 1096 3945 industrios
1111 3889 1291 3946 mercatores
1307 3882 1379 3946 illae
1394 3885 1486 3947 etiam

306 3978 426 4043 divitiae
447 3988 653 4060 congerantur.

349 4072 441 4139 Obiie.
463 4076 514 4141 lV.
538 4075 645 4141 Melius
658 4078 823 4142 consulitur
845 4078 919 4142 bono
933 4076 1097 4152 Ecclesiae,
1112 4077 1137 4139 si
1159 4076 1225 4141 eius
1239 4076 1414 4141 administri
1428 4079 1490 4143 sti-

308 4171 411 4248 pendia
424 4174 566 4251 recipiant
581 4176 619 4238 ab
633 4176 756 4250 aerario,
769 4192 860 4255 quam
875 4176 901 4237 si
916 4175 991 4238 bona
1006 4175 1125 4238 stabilie
1141 4175 1322 4253 possideant.
1335 4172 1386 4239 Sic
1401 4176 1486 4239 enim

308 4282 381 4331 cura
402 4284 499 4333 rerum
521 4272 725 4349 temporalium
746 4272 873 4351 liberati,
895 4272 1063 4351 expeditius
1084 4274 1173 4336 rebus
1188 4272 1297 4335 divinis
1319 4273 1488 4337 vacabunt.

351 4363 387 4427 R.
409 4362 498 4445 Nepo
516 4370 673 4429 assertum
693 4375 723 4429 ot
743 4370 885 4434 rationem
906 4370 1047 4432 additam.
