<?xml version="1.0" encoding="UTF-8"?>
<!DOCTYPE html PUBLIC "-//W3C//DTD XHTML 1.0 Transitional//EN"
    "http://www.w3.org/TR/xhtml1/DTD/xhtml1-transitional.dtd">
<html xmlns="http://www.w3.org/1999/xhtml" xml:lang="en" lang="en">
 <head>
  <title>
</title>
<meta http-equiv="Content-Type" content="text/html;charset=utf-8" />
  <meta name='ocr-system' content='tesseract 3.04.00' />
  <meta name='ocr-capabilities' content='ocr_page ocr_carea ocr_par ocr_line ocrx_word'/>
</head>
<body>
  <div class='ocr_page' id='page_1' title='image "./institutioneset00libegoog_0124.png"; bbox 0 0 3159 4934; ppageno 0'>
   <div class='ocr_carea' id='block_1_1' title="bbox 438 295 1406 358">
    <p class='ocr_par' dir='ltr' id='par_1_1' title="bbox 438 295 1406 358">
     <span class='ocr_line' id='line_1_1' title="bbox 438 295 1406 358; baseline 0.005 -5"><span class='ocrx_word' id='word_1_1' title='bbox 438 312 522 354; x_wconf 74' lang='lat' dir='ltr'><strong>uerbi</strong></span> <span class='ocrx_word' id='word_1_2' title='bbox 540 312 558 354; x_wconf 91' lang='lat'><strong>1.</strong></span> <span class='ocrx_word' id='word_1_3' title='bbox 576 312 610 353; x_wconf 79' lang='lat' dir='ltr'><strong>DE</strong></span> <span class='ocrx_word' id='word_1_4' title='bbox 628 311 691 355; x_wconf 75' lang='lat' dir='ltr'><strong>luite</strong></span> <span class='ocrx_word' id='word_1_5' title='bbox 709 312 741 354; x_wconf 81' lang='lat' dir='ltr'><strong>ET</strong></span> <span class='ocrx_word' id='word_1_6' title='bbox 758 312 858 353; x_wconf 71' lang='lat' dir='ltr'><strong>orriolo</strong></span> <span class='ocrx_word' id='word_1_7' title='bbox 876 313 1029 355; x_wconf 72' lang='lat' dir='ltr'><strong>serenitudini</strong></span> <span class='ocrx_word' id='word_1_8' title='bbox 1271 304 1323 358; x_wconf 77' lang='grc'><strong>119</strong></span> <span class='ocrx_word' id='word_1_9' title='bbox 1403 295 1406 304; x_wconf 40' lang='lat'><strong>¹</strong></span> 
     </span>
    </p>
   </div>
   <div class='ocr_carea' id='block_1_2' title="bbox 144 430 1325 4142">
    <p class='ocr_par' dir='ltr' id='par_1_2' title="bbox 145 430 1325 1195">
     <span class='ocr_line' id='line_1_2' title="bbox 145 430 1322 509; baseline 0.003 -15"><span class='ocrx_word' id='word_1_10' title='bbox 145 438 320 505; x_wconf 88' lang='lat' dir='ltr'><strong>nectantur;</strong></span> <span class='ocrx_word' id='word_1_11' title='bbox 341 430 510 495; x_wconf 90' lang='lat' dir='ltr'><strong>eorumdem</strong></span> <span class='ocrx_word' id='word_1_12' title='bbox 533 446 605 493; x_wconf 91' lang='lat' dir='ltr'><strong>usus</strong></span> <span class='ocrx_word' id='word_1_13' title='bbox 627 430 702 493; x_wconf 90' lang='lat' dir='ltr'><strong>liber</strong></span> <span class='ocrx_word' id='word_1_14' title='bbox 721 430 787 505; x_wconf 91' lang='lat' dir='ltr'><strong>erit,</strong></span> <span class='ocrx_word' id='word_1_15' title='bbox 808 430 845 493; x_wconf 90' lang='lat' dir='ltr'><strong>dc</strong></span> <span class='ocrx_word' id='word_1_16' title='bbox 872 446 965 509; x_wconf 78' lang='lat' dir='ltr'><strong>eoque</strong></span> <span class='ocrx_word' id='word_1_17' title='bbox 990 432 1100 509; x_wconf 91' lang='lat' dir='ltr'><strong>pacisci</strong></span> <span class='ocrx_word' id='word_1_18' title='bbox 1121 433 1211 498; x_wconf 92' lang='lat' dir='ltr'><strong>bomo</strong></span> <span class='ocrx_word' id='word_1_19' title='bbox 1231 432 1322 497; x_wconf 90' lang='lat' dir='ltr'><strong>libere</strong></span> 
     </span>
     <span class='ocr_line' id='line_1_3' title="bbox 146 526 1321 608; baseline 0.002 -16"><span class='ocrx_word' id='word_1_20' title='bbox 146 528 266 608; x_wconf 88' lang='lat' dir='ltr'><strong>poterit.</strong></span> <span class='ocrx_word' id='word_1_21' title='bbox 283 526 368 601; x_wconf 85' lang='lat' dir='ltr'><strong>Quod</strong></span> <span class='ocrx_word' id='word_1_22' title='bbox 390 535 491 591; x_wconf 89' lang='lat' dir='ltr'><strong>contra</strong></span> <span class='ocrx_word' id='word_1_23' title='bbox 514 528 633 593; x_wconf 83' lang='lat' dir='ltr'><strong>Abreus</strong></span> <span class='ocrx_word' id='word_1_24' title='bbox 647 528 818 601; x_wconf 79' lang='lat' dir='ltr'><strong>statuimus,</strong></span> <span class='ocrx_word' id='word_1_25' title='bbox 831 526 884 607; x_wconf 86' lang='lat' dir='ltr'><strong>qui</strong></span> <span class='ocrx_word' id='word_1_26' title='bbox 903 528 1013 591; x_wconf 93' lang='lat' dir='ltr'><strong>iurium</strong></span> <span class='ocrx_word' id='word_1_27' title='bbox 1031 530 1211 592; x_wconf 78' lang='lat' dir='ltr'><strong>naturalium</strong></span> <span class='ocrx_word' id='word_1_28' title='bbox 1233 546 1321 595; x_wconf 88' lang='lat' dir='ltr'><strong>usum</strong></span> 
     </span>
     <span class='ocr_line' id='line_1_4' title="bbox 147 625 1323 707; baseline 0 -18"><span class='ocrx_word' id='word_1_29' title='bbox 147 641 266 707; x_wconf 90' lang='lat' dir='ltr'><strong>semper</strong></span> <span class='ocrx_word' id='word_1_30' title='bbox 286 626 485 690; x_wconf 87' lang='lat' dir='ltr'><strong>necessarium</strong></span> <span class='ocrx_word' id='word_1_31' title='bbox 501 641 565 689; x_wconf 91' lang='lat' dir='ltr'><strong>esse</strong></span> <span class='ocrx_word' id='word_1_32' title='bbox 579 626 718 700; x_wconf 89' lang='lat' dir='ltr'><strong>decernit,</strong></span> <span class='ocrx_word' id='word_1_33' title='bbox 732 628 790 689; x_wconf 90' lang='lat' dir='ltr'><strong>bae</strong></span> <span class='ocrx_word' id='word_1_34' title='bbox 804 626 921 689; x_wconf 84' lang='lat' dir='ltr'><strong>iunixus</strong></span> <span class='ocrx_word' id='word_1_35' title='bbox 942 625 1055 689; x_wconf 90' lang='lat' dir='ltr'><strong>ratione</strong></span> <span class='ocrx_word' id='word_1_36' title='bbox 1068 627 1147 705; x_wconf 87' lang='lat' dir='ltr'><strong>quod</strong></span> <span class='ocrx_word' id='word_1_37' title='bbox 1169 628 1323 692; x_wconf 88' lang='lat' dir='ltr'><strong>societatis</strong></span> 
     </span>
     <span class='ocr_line' id='line_1_5' title="bbox 145 722 1323 804; baseline 0.002 -17"><span class='ocrx_word' id='word_1_38' title='bbox 145 727 272 787; x_wconf 88' lang='lat' dir='ltr'><strong>interest</strong></span> <span class='ocrx_word' id='word_1_39' title='bbox 292 732 326 787; x_wconf 90' lang='lat' dir='ltr'><strong>ut</strong></span> <span class='ocrx_word' id='word_1_40' title='bbox 353 724 481 803; x_wconf 87' lang='lat' dir='ltr'><strong>quisque</strong></span> <span class='ocrx_word' id='word_1_41' title='bbox 507 724 644 787; x_wconf 91' lang='lat' dir='ltr'><strong>omuibus</strong></span> <span class='ocrx_word' id='word_1_42' title='bbox 665 723 728 786; x_wconf 93' lang='lat' dir='ltr'><strong>suis</strong></span> <span class='ocrx_word' id='word_1_43' title='bbox 754 724 870 787; x_wconf 89' lang='lat' dir='ltr'><strong>iuribus</strong></span> <span class='ocrx_word' id='word_1_44' title='bbox 891 731 992 787; x_wconf 90' lang='lat' dir='ltr'><strong>utatur</strong></span> <span class='ocrx_word' id='word_1_45' title='bbox 1014 722 1066 804; x_wconf 89' lang='lat' dir='ltr'><strong>(t).</strong></span> <span class='ocrx_word' id='word_1_46' title='bbox 1087 724 1129 788; x_wconf 80' lang='lat' dir='ltr'><strong>nt</strong></span> <span class='ocrx_word' id='word_1_47' title='bbox 1150 725 1226 789; x_wconf 87' lang='lat' dir='ltr'><strong>baec</strong></span> <span class='ocrx_word' id='word_1_48' title='bbox 1247 725 1323 789; x_wconf 86' lang='lat' dir='ltr'><strong>ratio</strong></span> 
     </span>
     <span class='ocr_line' id='line_1_6' title="bbox 147 820 1325 898; baseline 0.003 -14"><span class='ocrx_word' id='word_1_49' title='bbox 147 820 327 887; x_wconf 87' lang='lat' dir='ltr'><strong>stultissime</strong></span> <span class='ocrx_word' id='word_1_50' title='bbox 348 828 407 898; x_wconf 81' lang='lat' dir='ltr'><strong>est3</strong></span> <span class='ocrx_word' id='word_1_51' title='bbox 429 837 497 885; x_wconf 90' lang='lat' dir='ltr'><strong>nam</strong></span> <span class='ocrx_word' id='word_1_52' title='bbox 520 822 614 886; x_wconf 90' lang='lat' dir='ltr'><strong>sicin</strong></span> <span class='ocrx_word' id='word_1_53' title='bbox 637 823 777 885; x_wconf 90' lang='lat' dir='ltr'><strong>societate</strong></span> <span class='ocrx_word' id='word_1_54' title='bbox 797 821 895 885; x_wconf 88' lang='lat' dir='ltr'><strong>omnia</strong></span> <span class='ocrx_word' id='word_1_55' title='bbox 916 822 983 885; x_wconf 88' lang='lat' dir='ltr'><strong>iura</strong></span> <span class='ocrx_word' id='word_1_56' title='bbox 1003 822 1033 884; x_wconf 93' lang='lat' dir='ltr'><strong>in</strong></span> <span class='ocrx_word' id='word_1_57' title='bbox 1054 822 1153 886; x_wconf 86' lang='lat' dir='ltr'><strong>officia</strong></span> <span class='ocrx_word' id='word_1_58' title='bbox 1172 830 1325 887; x_wconf 85' lang='lat' dir='ltr'><strong>converte·</strong></span> 
     </span>
     <span class='ocr_line' id='line_1_7' title="bbox 148 918 1323 999; baseline 0.003 -17"><span class='ocrx_word' id='word_1_59' title='bbox 148 928 260 982; x_wconf 90' lang='lat' dir='ltr'><strong>rentur.</strong></span> <span class='ocrx_word' id='word_1_60' title='bbox 274 918 362 993; x_wconf 90' lang='lat' dir='ltr'><strong>luris,</strong></span> <span class='ocrx_word' id='word_1_61' title='bbox 378 920 509 998; x_wconf 86' lang='lat' dir='ltr'><strong>praecise</strong></span> <span class='ocrx_word' id='word_1_62' title='bbox 528 936 588 999; x_wconf 86' lang='lat' dir='ltr'><strong>qua</strong></span> <span class='ocrx_word' id='word_1_63' title='bbox 609 920 657 983; x_wconf 88' lang='lat' dir='ltr'><strong>ius</strong></span> <span class='ocrx_word' id='word_1_64' title='bbox 677 928 733 998; x_wconf 84' lang='lat' dir='ltr'><strong>cst,</strong></span> <span class='ocrx_word' id='word_1_65' title='bbox 747 920 923 983; x_wconf 79' lang='lat' dir='ltr'><strong>exercitium</strong></span> <span class='ocrx_word' id='word_1_66' title='bbox 951 926 1057 983; x_wconf 86' lang='lat' dir='ltr'><strong>natum</strong></span> <span class='ocrx_word' id='word_1_67' title='bbox 1079 920 1178 984; x_wconf 89' lang='lat' dir='ltr'><strong>suain</strong></span> <span class='ocrx_word' id='word_1_68' title='bbox 1199 920 1323 985; x_wconf 91' lang='lat' dir='ltr'><strong>arbitrio</strong></span> 
     </span>
     <span class='ocr_line' id='line_1_8' title="bbox 148 1017 1321 1097; baseline 0.002 -18"><span class='ocrx_word' id='word_1_69' title='bbox 148 1018 277 1081; x_wconf 90' lang='lat' dir='ltr'><strong>bominis</strong></span> <span class='ocrx_word' id='word_1_70' title='bbox 297 1024 352 1091; x_wconf 90' lang='lat' dir='ltr'><strong>est,</strong></span> <span class='ocrx_word' id='word_1_71' title='bbox 365 1017 416 1097; x_wconf 86' lang='lat' dir='ltr'><strong>qui</strong></span> <span class='ocrx_word' id='word_1_72' title='bbox 437 1032 472 1080; x_wconf 92' lang='lat' dir='ltr'><strong>eo</strong></span> <span class='ocrx_word' id='word_1_73' title='bbox 493 1018 537 1080; x_wconf 89' lang='lat' dir='ltr'><strong>uti</strong></span> <span class='ocrx_word' id='word_1_74' title='bbox 560 1026 657 1095; x_wconf 88' lang='lat' dir='ltr'><strong>potest</strong></span> <span class='ocrx_word' id='word_1_75' title='bbox 671 1018 717 1081; x_wconf 87' lang='lat' dir='ltr'><strong>vel</strong></span> <span class='ocrx_word' id='word_1_76' title='bbox 732 1034 787 1081; x_wconf 93' lang='lat' dir='ltr'><strong>non</strong></span> <span class='ocrx_word' id='word_1_77' title='bbox 804 1017 858 1091; x_wconf 90' lang='lat' dir='ltr'><strong>uti,</strong></span> <span class='ocrx_word' id='word_1_78' title='bbox 873 1025 961 1095; x_wconf 88' lang='lat' dir='ltr'><strong>prout</strong></span> <span class='ocrx_word' id='word_1_79' title='bbox 980 1017 1061 1081; x_wconf 89' lang='lat' dir='ltr'><strong>libet.</strong></span> <span class='ocrx_word' id='word_1_80' title='bbox 1078 1017 1208 1097; x_wconf 80' lang='lat' dir='ltr'><strong>ddigere</strong></span> <span class='ocrx_word' id='word_1_81' title='bbox 1222 1019 1321 1097; x_wconf 91' lang='lat' dir='ltr'><strong>ipsum</strong></span> 
     </span>
     <span class='ocr_line' id='line_1_9' title="bbox 149 1114 1200 1195; baseline 0 -18"><span class='ocrx_word' id='word_1_82' title='bbox 149 1130 265 1193; x_wconf 90' lang='lat' dir='ltr'><strong>semper</strong></span> <span class='ocrx_word' id='word_1_83' title='bbox 278 1114 316 1177; x_wconf 89' lang='lat' dir='ltr'><strong>ad</strong></span> <span class='ocrx_word' id='word_1_84' title='bbox 339 1130 434 1188; x_wconf 90' lang='lat' dir='ltr'><strong>usum,</strong></span> <span class='ocrx_word' id='word_1_85' title='bbox 449 1114 528 1178; x_wconf 93' lang='lat' dir='ltr'><strong>idem</strong></span> <span class='ocrx_word' id='word_1_86' title='bbox 549 1124 595 1179; x_wconf 91' lang='lat' dir='ltr'><strong>est</strong></span> <span class='ocrx_word' id='word_1_87' title='bbox 614 1124 705 1195; x_wconf 88' lang='lat' dir='ltr'><strong>atque</strong></span> <span class='ocrx_word' id='word_1_88' title='bbox 725 1116 790 1179; x_wconf 92' lang='lat' dir='ltr'><strong>eius</strong></span> <span class='ocrx_word' id='word_1_89' title='bbox 810 1114 977 1178; x_wconf 88' lang='lat' dir='ltr'><strong>libertatem</strong></span> <span class='ocrx_word' id='word_1_90' title='bbox 1000 1115 1200 1193; x_wconf 80' lang='lat' dir='ltr'><strong>pessumdare.</strong></span> 
     </span>
    </p>

    <p class='ocr_par' dir='ltr' id='par_1_3' title="bbox 144 1210 1325 2370">
     <span class='ocr_line' id='line_1_10' title="bbox 188 1210 1322 1294; baseline 0.001 -20"><span class='ocrx_word' id='word_1_91' title='bbox 188 1210 310 1275; x_wconf 88' lang='lat' dir='ltr'><strong>Praeter</strong></span> <span class='ocrx_word' id='word_1_92' title='bbox 330 1213 474 1276; x_wconf 88' lang='lat' dir='ltr'><strong>eiusmodi</strong></span> <span class='ocrx_word' id='word_1_93' title='bbox 488 1213 564 1290; x_wconf 84' lang='lat' dir='ltr'><strong>iura,</strong></span> <span class='ocrx_word' id='word_1_94' title='bbox 580 1230 597 1275; x_wconf 90' lang='lat' dir='ltr'><strong>u</strong></span> <span class='ocrx_word' id='word_1_95' title='bbox 613 1222 718 1277; x_wconf 85' lang='lat' dir='ltr'><strong>natura</strong></span> <span class='ocrx_word' id='word_1_96' title='bbox 733 1213 903 1277; x_wconf 81' lang='lat' dir='ltr'><strong>immediate</strong></span> <span class='ocrx_word' id='word_1_97' title='bbox 924 1214 1154 1291; x_wconf 81' lang='lat' dir='ltr'><strong>proficiscentis,</strong></span> <span class='ocrx_word' id='word_1_98' title='bbox 1171 1213 1229 1276; x_wconf 89' lang='lat' dir='ltr'><strong>alia</strong></span> <span class='ocrx_word' id='word_1_99' title='bbox 1243 1221 1322 1294; x_wconf 80' lang='lat' dir='ltr'><strong>sunt,</strong></span> 
     </span>
     <span class='ocr_line' id='line_1_11' title="bbox 144 1308 1323 1391; baseline -0.002 -16"><span class='ocrx_word' id='word_1_100' title='bbox 144 1326 224 1390; x_wconf 86' lang='lat' dir='ltr'><strong>quae</strong></span> <span class='ocrx_word' id='word_1_101' title='bbox 244 1311 379 1375; x_wconf 80' lang='lat' dir='ltr'><strong>exsecto</strong></span> <span class='ocrx_word' id='word_1_102' title='bbox 401 1310 500 1391; x_wconf 87' lang='lat' dir='ltr'><strong>aliquo</strong></span> <span class='ocrx_word' id='word_1_103' title='bbox 514 1310 701 1391; x_wconf 89' lang='lat' dir='ltr'><strong>proveniunt,</strong></span> <span class='ocrx_word' id='word_1_104' title='bbox 713 1312 753 1375; x_wconf 92' lang='lat' dir='ltr'><strong>ab</strong></span> <span class='ocrx_word' id='word_1_105' title='bbox 773 1311 903 1375; x_wconf 90' lang='lat' dir='ltr'><strong>bominis</strong></span> <span class='ocrx_word' id='word_1_106' title='bbox 923 1310 1059 1375; x_wconf 90' lang='lat' dir='ltr'><strong>libertate</strong></span> <span class='ocrx_word' id='word_1_107' title='bbox 1074 1313 1227 1389; x_wconf 86' lang='lat' dir='ltr'><strong>pendente.</strong></span> <span class='ocrx_word' id='word_1_108' title='bbox 1242 1308 1323 1386; x_wconf 81' lang='lat' dir='ltr'><strong>Qua·</strong></span> 
     </span>
     <span class='ocr_line' id='line_1_12' title="bbox 147 1406 1322 1491; baseline 0 -21"><span class='ocrx_word' id='word_1_109' title='bbox 147 1418 269 1487; x_wconf 86' lang='lat' dir='ltr'><strong>propter</strong></span> <span class='ocrx_word' id='word_1_110' title='bbox 295 1409 452 1489; x_wconf 76' lang='lat' dir='ltr'><strong>acquisito</strong></span> <span class='ocrx_word' id='word_1_111' title='bbox 478 1409 524 1472; x_wconf 91' lang='lat' dir='ltr'><strong>vel</strong></span> <span class='ocrx_word' id='word_1_112' title='bbox 549 1410 640 1473; x_wconf 89' lang='lat' dir='ltr'><strong>etiam</strong></span> <span class='ocrx_word' id='word_1_113' title='bbox 665 1407 852 1473; x_wconf 75' lang='lat' dir='ltr'><strong>securrdurt&#39;o</strong></span> <span class='ocrx_word' id='word_1_114' title='bbox 872 1417 903 1473; x_wconf 92' lang='lat' dir='ltr'><strong>ct</strong></span> <span class='ocrx_word' id='word_1_115' title='bbox 921 1406 1117 1491; x_wconf 74' lang='lat' dir='ltr'><strong>hypothetico</strong></span> <span class='ocrx_word' id='word_1_116' title='bbox 1136 1408 1196 1472; x_wconf 92' lang='lat' dir='ltr'><strong>dici</strong></span> <span class='ocrx_word' id='word_1_117' title='bbox 1214 1409 1322 1473; x_wconf 88' lang='lat' dir='ltr'><strong>solent.</strong></span> 
     </span>
     <span class='ocr_line' id='line_1_13' title="bbox 145 1505 1321 1587; baseline -0.001 -16"><span class='ocrx_word' id='word_1_118' title='bbox 145 1505 327 1571; x_wconf 84' lang='lat' dir='ltr'><strong>Huiusmodi</strong></span> <span class='ocrx_word' id='word_1_119' title='bbox 347 1515 458 1570; x_wconf 87' lang='lat' dir='ltr'><strong>estex.</strong></span> <span class='ocrx_word' id='word_1_120' title='bbox 481 1524 525 1587; x_wconf 91' lang='lat' dir='ltr'><strong>gr.</strong></span> <span class='ocrx_word' id='word_1_121' title='bbox 546 1507 595 1570; x_wconf 89' lang='lat' dir='ltr'><strong>ius</strong></span> <span class='ocrx_word' id='word_1_122' title='bbox 618 1509 807 1587; x_wconf 88' lang='lat' dir='ltr'><strong>proprietatis</strong></span> <span class='ocrx_word' id='word_1_123' title='bbox 828 1507 1048 1584; x_wconf 79' lang='lat' dir='ltr'><strong>determinatae,</strong></span> <span class='ocrx_word' id='word_1_124' title='bbox 1071 1514 1160 1585; x_wconf 91' lang='lat' dir='ltr'><strong>prout</strong></span> <span class='ocrx_word' id='word_1_125' title='bbox 1179 1509 1259 1571; x_wconf 91' lang='lat' dir='ltr'><strong>banc</strong></span> <span class='ocrx_word' id='word_1_126' title='bbox 1273 1506 1321 1570; x_wconf 85' lang='lat' dir='ltr'><strong>vel</strong></span> 
     </span>
     <span class='ocr_line' id='line_1_14' title="bbox 144 1604 1325 1685; baseline 0.001 -17"><span class='ocrx_word' id='word_1_127' title='bbox 144 1604 229 1670; x_wconf 91' lang='lat' dir='ltr'><strong>illam</strong></span> <span class='ocrx_word' id='word_1_128' title='bbox 249 1621 313 1669; x_wconf 91' lang='lat' dir='ltr'><strong>rem</strong></span> <span class='ocrx_word' id='word_1_129' title='bbox 334 1604 507 1685; x_wconf 90' lang='lat' dir='ltr'><strong>singillatim</strong></span> <span class='ocrx_word' id='word_1_130' title='bbox 531 1613 654 1685; x_wconf 88' lang='lat' dir='ltr'><strong>spectat.</strong></span> <span class='ocrx_word' id='word_1_131' title='bbox 677 1604 755 1669; x_wconf 90' lang='lat' dir='ltr'><strong>Nam</strong></span> <span class='ocrx_word' id='word_1_132' title='bbox 776 1608 865 1669; x_wconf 82' lang='lat' dir='ltr'><strong>cisia</strong></span> <span class='ocrx_word' id='word_1_133' title='bbox 885 1612 991 1669; x_wconf 91' lang='lat' dir='ltr'><strong>natura</strong></span> <span class='ocrx_word' id='word_1_134' title='bbox 1018 1605 1156 1669; x_wconf 89' lang='lat' dir='ltr'><strong>instructi</strong></span> <span class='ocrx_word' id='word_1_135' title='bbox 1172 1605 1266 1669; x_wconf 91' lang='lat' dir='ltr'><strong>simus</strong></span> <span class='ocrx_word' id='word_1_136' title='bbox 1280 1607 1325 1669; x_wconf 88' lang='lat' dir='ltr'><strong>la-</strong></span> 
     </span>
     <span class='ocr_line' id='line_1_15' title="bbox 147 1702 1323 1783; baseline -0.001 -16"><span class='ocrx_word' id='word_1_137' title='bbox 147 1703 261 1767; x_wconf 90' lang='lat' dir='ltr'><strong>cultatc</strong></span> <span class='ocrx_word' id='word_1_138' title='bbox 282 1704 453 1782; x_wconf 86' lang='lat' dir='ltr'><strong>acquirendi</strong></span> <span class='ocrx_word' id='word_1_139' title='bbox 473 1721 521 1768; x_wconf 88' lang='lat' dir='ltr'><strong>res</strong></span> <span class='ocrx_word' id='word_1_140' title='bbox 545 1704 647 1778; x_wconf 90' lang='lat' dir='ltr'><strong>utiles;</strong></span> <span class='ocrx_word' id='word_1_141' title='bbox 668 1712 766 1767; x_wconf 90' lang='lat' dir='ltr'><strong>tamen</strong></span> <span class='ocrx_word' id='word_1_142' title='bbox 786 1705 866 1783; x_wconf 87' lang='lat' dir='ltr'><strong>quod</strong></span> <span class='ocrx_word' id='word_1_143' title='bbox 886 1705 943 1767; x_wconf 93' lang='lat' dir='ltr'><strong>boc</strong></span> <span class='ocrx_word' id='word_1_144' title='bbox 964 1705 1012 1766; x_wconf 91' lang='lat' dir='ltr'><strong>ius</strong></span> <span class='ocrx_word' id='word_1_145' title='bbox 1032 1702 1245 1767; x_wconf 87' lang='lat' dir='ltr'><strong>determinetur</strong></span> <span class='ocrx_word' id='word_1_146' title='bbox 1264 1703 1323 1766; x_wconf 83' lang='lat' dir='ltr'><strong>bac</strong></span> 
     </span>
     <span class='ocr_line' id='line_1_16' title="bbox 148 1800 1324 1881; baseline -0.002 -16"><span class='ocrx_word' id='word_1_147' title='bbox 148 1802 197 1865; x_wconf 91' lang='lat' dir='ltr'><strong>vel</strong></span> <span class='ocrx_word' id='word_1_148' title='bbox 217 1801 267 1865; x_wconf 90' lang='lat' dir='ltr'><strong>illa</strong></span> <span class='ocrx_word' id='word_1_149' title='bbox 290 1802 412 1865; x_wconf 86' lang='lat' dir='ltr'><strong>materia</strong></span> <span class='ocrx_word' id='word_1_150' title='bbox 433 1802 617 1881; x_wconf 82' lang='lat' dir='ltr'><strong>particulari,</strong></span> <span class='ocrx_word' id='word_1_151' title='bbox 638 1810 709 1880; x_wconf 90' lang='lat' dir='ltr'><strong>puta</strong></span> <span class='ocrx_word' id='word_1_152' title='bbox 735 1802 833 1880; x_wconf 86' lang='lat' dir='ltr'><strong>quoad</strong></span> <span class='ocrx_word' id='word_1_153' title='bbox 860 1802 984 1865; x_wconf 90' lang='lat' dir='ltr'><strong>lundum</strong></span> <span class='ocrx_word' id='word_1_154' title='bbox 1006 1801 1053 1864; x_wconf 89' lang='lat' dir='ltr'><strong>vel</strong></span> <span class='ocrx_word' id='word_1_155' title='bbox 1082 1801 1243 1879; x_wconf 74' lang='lat' dir='ltr'><strong>palatium,</strong></span> <span class='ocrx_word' id='word_1_156' title='bbox 1266 1800 1324 1863; x_wconf 91' lang='lat' dir='ltr'><strong>boc</strong></span> 
     </span>
     <span class='ocr_line' id='line_1_17' title="bbox 147 1897 1323 1979; baseline -0.003 -16"><span class='ocrx_word' id='word_1_157' title='bbox 147 1915 207 1963; x_wconf 93' lang='lat' dir='ltr'><strong>non</strong></span> <span class='ocrx_word' id='word_1_158' title='bbox 228 1901 395 1978; x_wconf 82' lang='lat' dir='ltr'><strong>provenite</strong></span> <span class='ocrx_word' id='word_1_159' title='bbox 415 1907 531 1974; x_wconf 87' lang='lat' dir='ltr'><strong>natura,</strong></span> <span class='ocrx_word' id='word_1_160' title='bbox 546 1901 597 1963; x_wconf 90' lang='lat' dir='ltr'><strong>sed</strong></span> <span class='ocrx_word' id='word_1_161' title='bbox 611 1918 629 1964; x_wconf 92' lang='lat' dir='ltr'><strong>a</strong></span> <span class='ocrx_word' id='word_1_162' title='bbox 643 1900 733 1975; x_wconf 89' lang='lat' dir='ltr'><strong>tacto,</strong></span> <span class='ocrx_word' id='word_1_163' title='bbox 745 1900 825 1978; x_wconf 87' lang='lat' dir='ltr'><strong>quod</strong></span> <span class='ocrx_word' id='word_1_164' title='bbox 840 1900 928 1979; x_wconf 81' lang='lat' dir='ltr'><strong>quale</strong></span> <span class='ocrx_word' id='word_1_165' title='bbox 942 1900 981 1961; x_wconf 88' lang='lat' dir='ltr'><strong>sit</strong></span> <span class='ocrx_word' id='word_1_166' title='bbox 994 1899 1117 1962; x_wconf 85' lang='lat' dir='ltr'><strong>interius</strong></span> <span class='ocrx_word' id='word_1_167' title='bbox 1137 1897 1323 1962; x_wconf 82' lang='lat' dir='ltr'><strong>definiemus.</strong></span> 
     </span>
     <span class='ocr_line' id='line_1_18' title="bbox 145 1994 1324 2079; baseline -0.001 -20"><span class='ocrx_word' id='word_1_168' title='bbox 145 1994 345 2079; x_wconf 78' lang='lat' dir='ltr'><strong>Quapropter,</strong></span> <span class='ocrx_word' id='word_1_169' title='bbox 355 1999 429 2061; x_wconf 86' lang='lat' dir='ltr'><strong>baec</strong></span> <span class='ocrx_word' id='word_1_170' title='bbox 443 1999 509 2060; x_wconf 93' lang='lat' dir='ltr'><strong>iura</strong></span> <span class='ocrx_word' id='word_1_171' title='bbox 525 2005 635 2062; x_wconf 90' lang='lat' dir='ltr'><strong>remote</strong></span> <span class='ocrx_word' id='word_1_172' title='bbox 649 1997 769 2077; x_wconf 83' lang='lat' dir='ltr'><strong>quidem</strong></span> <span class='ocrx_word' id='word_1_173' title='bbox 782 1998 812 2060; x_wconf 95' lang='lat' dir='ltr'><strong>in</strong></span> <span class='ocrx_word' id='word_1_174' title='bbox 826 2005 932 2061; x_wconf 88' lang='lat' dir='ltr'><strong>natura</strong></span> <span class='ocrx_word' id='word_1_175' title='bbox 942 1997 1112 2070; x_wconf 86' lang='lat' dir='ltr'><strong>tundantur,</strong></span> <span class='ocrx_word' id='word_1_176' title='bbox 1123 1995 1174 2059; x_wconf 86' lang='lat' dir='ltr'><strong>sed</strong></span> <span class='ocrx_word' id='word_1_177' title='bbox 1190 1996 1324 2073; x_wconf 82' lang='lat' dir='ltr'><strong>proxime</strong></span> 
     </span>
     <span class='ocr_line' id='line_1_19' title="bbox 146 2091 1322 2176; baseline -0.006 -16"><span class='ocrx_word' id='word_1_178' title='bbox 146 2098 269 2161; x_wconf 88' lang='lat' dir='ltr'><strong>titulum</strong></span> <span class='ocrx_word' id='word_1_179' title='bbox 284 2100 394 2161; x_wconf 89' lang='lat' dir='ltr'><strong>babent</strong></span> <span class='ocrx_word' id='word_1_180' title='bbox 408 2098 625 2176; x_wconf 83' lang='lat' dir='ltr'><strong>contingentem</strong></span> <span class='ocrx_word' id='word_1_181' title='bbox 646 2105 676 2161; x_wconf 86' lang='lat' dir='ltr'><strong>et</strong></span> <span class='ocrx_word' id='word_1_182' title='bbox 690 2096 874 2170; x_wconf 88' lang='lat' dir='ltr'><strong>mutabilem,</strong></span> <span class='ocrx_word' id='word_1_183' title='bbox 888 2095 1012 2174; x_wconf 89' lang='lat' dir='ltr'><strong>ideoque</strong></span> <span class='ocrx_word' id='word_1_184' title='bbox 1025 2093 1123 2157; x_wconf 89' lang='lat' dir='ltr'><strong>amitti</strong></span> <span class='ocrx_word' id='word_1_185' title='bbox 1137 2101 1168 2156; x_wconf 89' lang='lat' dir='ltr'><strong>et</strong></span> <span class='ocrx_word' id='word_1_186' title='bbox 1187 2092 1217 2155; x_wconf 93' lang='lat' dir='ltr'><strong>in</strong></span> <span class='ocrx_word' id='word_1_187' title='bbox 1231 2091 1322 2155; x_wconf 88' lang='lat' dir='ltr'><strong>ulium</strong></span> 
     </span>
     <span class='ocr_line' id='line_1_20' title="bbox 146 2189 1322 2274; baseline -0.008 -15"><span class='ocrx_word' id='word_1_188' title='bbox 146 2196 303 2259; x_wconf 78' lang='lat' dir='ltr'><strong>transferri</strong></span> <span class='ocrx_word' id='word_1_189' title='bbox 326 2202 458 2274; x_wconf 88' lang='lat' dir='ltr'><strong>possunt.</strong></span> <span class='ocrx_word' id='word_1_190' title='bbox 480 2195 581 2274; x_wconf 86' lang='lat' dir='ltr'><strong>Atque</strong></span> <span class='ocrx_word' id='word_1_191' title='bbox 601 2195 658 2257; x_wconf 89' lang='lat' dir='ltr'><strong>bas</strong></span> <span class='ocrx_word' id='word_1_192' title='bbox 680 2195 754 2257; x_wconf 89' lang='lat' dir='ltr'><strong>duas</strong></span> <span class='ocrx_word' id='word_1_193' title='bbox 774 2194 884 2256; x_wconf 94' lang='lat' dir='ltr'><strong>iurium</strong></span> <span class='ocrx_word' id='word_1_194' title='bbox 905 2192 1075 2266; x_wconf 89' lang='lat' dir='ltr'><strong>divisiones,</strong></span> <span class='ocrx_word' id='word_1_195' title='bbox 1095 2205 1173 2270; x_wconf 86' lang='lat' dir='ltr'><strong>quae</strong></span> <span class='ocrx_word' id='word_1_196' title='bbox 1194 2189 1322 2268; x_wconf 86' lang='lat' dir='ltr'><strong>potiores</strong></span> 
     </span>
     <span class='ocr_line' id='line_1_21' title="bbox 152 2293 538 2370; baseline 0.003 -16"><span class='ocrx_word' id='word_1_197' title='bbox 152 2300 229 2370; x_wconf 79' lang='lat' dir='ltr'><strong>sunl,</strong></span> <span class='ocrx_word' id='word_1_198' title='bbox 251 2294 380 2357; x_wconf 92' lang='lat' dir='ltr'><strong>innuisse</strong></span> <span class='ocrx_word' id='word_1_199' title='bbox 400 2293 538 2356; x_wconf 88' lang='lat' dir='ltr'><strong>sufficiat.</strong></span> 
     </span>
    </p>

    <p class='ocr_par' dir='ltr' id='par_1_4' title="bbox 145 2382 1325 4142">
     <span class='ocr_line' id='line_1_22' title="bbox 194 2382 1322 2467; baseline -0.012 -9"><span class='ocrx_word' id='word_1_200' title='bbox 194 2390 240 2458; x_wconf 77' lang='lat'><strong>12.</strong></span> <span class='ocrx_word' id='word_1_201' title='bbox 263 2391 412 2460; x_wconf 76' lang='lat' dir='ltr'><strong>ditribule</strong></span> <span class='ocrx_word' id='word_1_202' title='bbox 435 2389 519 2459; x_wconf 84' lang='lat' dir='ltr'><strong>iuris.</strong></span> <span class='ocrx_word' id='word_1_203' title='bbox 542 2391 680 2459; x_wconf 77' lang='lat' dir='ltr'><strong>Concrro.</strong></span> <span class='ocrx_word' id='word_1_204' title='bbox 695 2392 743 2456; x_wconf 90' lang='lat' dir='ltr'><strong>Ad</strong></span> <span class='ocrx_word' id='word_1_205' title='bbox 763 2392 907 2453; x_wconf 87' lang='lat' dir='ltr'><strong>attributa</strong></span> <span class='ocrx_word' id='word_1_206' title='bbox 927 2389 1002 2451; x_wconf 88' lang='lat' dir='ltr'><strong>iuris</strong></span> <span class='ocrx_word' id='word_1_207' title='bbox 1022 2387 1101 2467; x_wconf 89' lang='lat' dir='ltr'><strong>quod</strong></span> <span class='ocrx_word' id='word_1_208' title='bbox 1122 2389 1246 2464; x_wconf 89' lang='lat' dir='ltr'><strong>spectat,</strong></span> <span class='ocrx_word' id='word_1_209' title='bbox 1264 2382 1322 2445; x_wconf 89' lang='lat' dir='ltr'><strong>tria</strong></span> 
     </span>
     <span class='ocr_line' id='line_1_23' title="bbox 148 2481 1323 2568; baseline -0.012 -11"><span class='ocrx_word' id='word_1_210' title='bbox 148 2493 417 2557; x_wconf 87' lang='lat' dir='ltr'><strong>considerabimus:</strong></span> <span class='ocrx_word' id='word_1_211' title='bbox 432 2491 627 2567; x_wconf 77' lang='lat' dir='ltr'><strong>coactionem,</strong></span> <span class='ocrx_word' id='word_1_212' title='bbox 642 2488 841 2568; x_wconf 70' lang='lat' dir='ltr'><strong>collisionem,</strong></span> <span class='ocrx_word' id='word_1_213' title='bbox 855 2486 1079 2550; x_wconf 79' lang='lat' dir='ltr'><strong>limitationem.</strong></span> <span class='ocrx_word' id='word_1_214' title='bbox 1095 2481 1187 2546; x_wconf 89' lang='lat' dir='ltr'><strong>Porro</strong></span> <span class='ocrx_word' id='word_1_215' title='bbox 1206 2482 1323 2545; x_wconf 89' lang='lat' dir='ltr'><strong>coactio</strong></span> 
     </span>
     <span class='ocr_line' id='line_1_24' title="bbox 147 2580 1323 2671; baseline -0.01 -18"><span class='ocrx_word' id='word_1_216' title='bbox 147 2592 180 2653; x_wconf 91' lang='lat' dir='ltr'><strong>vi</strong></span> <span class='ocrx_word' id='word_1_217' title='bbox 201 2592 327 2671; x_wconf 82' lang='lat' dir='ltr'><strong>physica</strong></span> <span class='ocrx_word' id='word_1_218' title='bbox 349 2598 477 2666; x_wconf 89' lang='lat' dir='ltr'><strong>constat;</strong></span> <span class='ocrx_word' id='word_1_219' title='bbox 491 2605 568 2669; x_wconf 85' lang='lat' dir='ltr'><strong>quae</strong></span> <span class='ocrx_word' id='word_1_220' title='bbox 588 2590 626 2651; x_wconf 89' lang='lat' dir='ltr'><strong>ad</strong></span> <span class='ocrx_word' id='word_1_221' title='bbox 648 2588 788 2653; x_wconf 90' lang='lat' dir='ltr'><strong>tuendum</strong></span> <span class='ocrx_word' id='word_1_222' title='bbox 809 2589 856 2650; x_wconf 93' lang='lat' dir='ltr'><strong>ius</strong></span> <span class='ocrx_word' id='word_1_223' title='bbox 876 2585 1044 2657; x_wconf 85' lang='lat' dir='ltr'><strong>adhibetur,</strong></span> <span class='ocrx_word' id='word_1_224' title='bbox 1058 2589 1147 2660; x_wconf 87' lang='lat' dir='ltr'><strong>atque</strong></span> <span class='ocrx_word' id='word_1_225' title='bbox 1166 2580 1323 2643; x_wconf 88' lang='lat' dir='ltr'><strong>obstacula</strong></span> 
     </span>
     <span class='ocr_line' id='line_1_25' title="bbox 146 2678 1324 2769; baseline -0.013 -16"><span class='ocrx_word' id='word_1_226' title='bbox 146 2690 313 2769; x_wconf 89' lang='lat' dir='ltr'><strong>propulsat,</strong></span> <span class='ocrx_word' id='word_1_227' title='bbox 332 2704 408 2769; x_wconf 86' lang='lat' dir='ltr'><strong>quae</strong></span> <span class='ocrx_word' id='word_1_228' title='bbox 429 2690 502 2751; x_wconf 93' lang='lat' dir='ltr'><strong>iuris</strong></span> <span class='ocrx_word' id='word_1_229' title='bbox 522 2686 662 2750; x_wconf 87' lang='lat' dir='ltr'><strong>exercitio</strong></span> <span class='ocrx_word' id='word_1_230' title='bbox 682 2686 884 2749; x_wconf 88' lang='lat' dir='ltr'><strong>adversantur.</strong></span> <span class='ocrx_word' id='word_1_231' title='bbox 907 2680 989 2746; x_wconf 90' lang='lat' dir='ltr'><strong>Haec</strong></span> <span class='ocrx_word' id='word_1_232' title='bbox 1008 2684 1053 2743; x_wconf 89' lang='lat' dir='ltr'><strong>vis</strong></span> <span class='ocrx_word' id='word_1_233' title='bbox 1072 2692 1254 2760; x_wconf 84' lang='lat' dir='ltr'><strong>quamquam</strong></span> <span class='ocrx_word' id='word_1_234' title='bbox 1276 2678 1324 2738; x_wconf 90' lang='lat' dir='ltr'><strong>ius</strong></span> 
     </span>
     <span class='ocr_line' id='line_1_26' title="bbox 147 2777 1323 2864; baseline -0.014 -13"><span class='ocrx_word' id='word_1_235' title='bbox 147 2805 207 2851; x_wconf 93' lang='lat' dir='ltr'><strong>nou</strong></span> <span class='ocrx_word' id='word_1_236' title='bbox 222 2786 391 2860; x_wconf 89' lang='lat' dir='ltr'><strong>constituat,</strong></span> <span class='ocrx_word' id='word_1_237' title='bbox 406 2802 459 2849; x_wconf 90' lang='lat' dir='ltr'><strong>nec</strong></span> <span class='ocrx_word' id='word_1_238' title='bbox 473 2800 589 2864; x_wconf 90' lang='lat' dir='ltr'><strong>semper</strong></span> <span class='ocrx_word' id='word_1_239' title='bbox 603 2783 774 2857; x_wconf 89' lang='lat' dir='ltr'><strong>comitetur·;</strong></span> <span class='ocrx_word' id='word_1_240' title='bbox 790 2791 899 2853; x_wconf 77' lang='lat' dir='ltr'><strong>tamen</strong></span> <span class='ocrx_word' id='word_1_241' title='bbox 912 2781 938 2843; x_wconf 93' lang='lat' dir='ltr'><strong>si</strong></span> <span class='ocrx_word' id='word_1_242' title='bbox 951 2780 1048 2853; x_wconf 89' lang='lat' dir='ltr'><strong>adest,</strong></span> <span class='ocrx_word' id='word_1_243' title='bbox 1062 2777 1197 2841; x_wconf 89' lang='lat' dir='ltr'><strong>adbiberi</strong></span> <span class='ocrx_word' id='word_1_244' title='bbox 1211 2777 1323 2853; x_wconf 90' lang='lat' dir='ltr'><strong>optime</strong></span> 
     </span>
     <span class='ocr_line' id='line_1_27' title="bbox 148 2875 1324 2965; baseline -0.01 -17"><span class='ocrx_word' id='word_1_245' title='bbox 148 2885 249 2965; x_wconf 90' lang='lat' dir='ltr'><strong>potest</strong></span> <span class='ocrx_word' id='word_1_246' title='bbox 262 2885 300 2948; x_wconf 89' lang='lat' dir='ltr'><strong>ad</strong></span> <span class='ocrx_word' id='word_1_247' title='bbox 314 2885 388 2947; x_wconf 85' lang='lat' dir='ltr'><strong>iuris</strong></span> <span class='ocrx_word' id='word_1_248' title='bbox 404 2884 609 2947; x_wconf 79' lang='lat' dir='ltr'><strong>defensionem.</strong></span> <span class='ocrx_word' id='word_1_249' title='bbox 621 2880 671 2946; x_wconf 94' lang='lat' dir='ltr'><strong>lus</strong></span> <span class='ocrx_word' id='word_1_250' title='bbox 682 2882 760 2945; x_wconf 92' lang='lat' dir='ltr'><strong>enim</strong></span> <span class='ocrx_word' id='word_1_251' title='bbox 773 2882 879 2944; x_wconf 82' lang='lat' dir='ltr'><strong>efficax</strong></span> <span class='ocrx_word' id='word_1_252' title='bbox 892 2895 957 2943; x_wconf 89' lang='lat' dir='ltr'><strong>esse</strong></span> <span class='ocrx_word' id='word_1_253' title='bbox 968 2878 1070 2951; x_wconf 88' lang='lat' dir='ltr'><strong>debet;</strong></span> <span class='ocrx_word' id='word_1_254' title='bbox 1084 2885 1174 2956; x_wconf 84' lang='lat' dir='ltr'><strong>atque</strong></span> <span class='ocrx_word' id='word_1_255' title='bbox 1184 2876 1242 2939; x_wconf 93' lang='lat' dir='ltr'><strong>boc</strong></span> <span class='ocrx_word' id='word_1_256' title='bbox 1256 2875 1324 2952; x_wconf 91' lang='lat' dir='ltr'><strong>ipso</strong></span> 
     </span>
     <span class='ocr_line' id='line_1_28' title="bbox 147 2972 1324 3062; baseline -0.01 -17"><span class='ocrx_word' id='word_1_257' title='bbox 147 2983 230 3062; x_wconf 87' lang='lat' dir='ltr'><strong>quod</strong></span> <span class='ocrx_word' id='word_1_258' title='bbox 252 2988 397 3061; x_wconf 85' lang='lat' dir='ltr'><strong>potestate</strong></span> <span class='ocrx_word' id='word_1_259' title='bbox 417 2989 534 3045; x_wconf 85' lang='lat' dir='ltr'><strong>constat</strong></span> <span class='ocrx_word' id='word_1_260' title='bbox 553 2980 679 3044; x_wconf 77' lang='lat' dir='ltr'><strong>faciendi</strong></span> <span class='ocrx_word' id='word_1_261' title='bbox 699 2977 813 3058; x_wconf 88' lang='lat' dir='ltr'><strong>aliquid</strong></span> <span class='ocrx_word' id='word_1_262' title='bbox 828 2976 874 3041; x_wconf 91' lang='lat' dir='ltr'><strong>vel</strong></span> <span class='ocrx_word' id='word_1_263' title='bbox 895 2975 1032 3049; x_wconf 90' lang='lat' dir='ltr'><strong>babendi,</strong></span> <span class='ocrx_word' id='word_1_264' title='bbox 1049 2981 1196 3053; x_wconf 89' lang='lat' dir='ltr'><strong>potestate</strong></span> <span class='ocrx_word' id='word_1_265' title='bbox 1214 2972 1324 3053; x_wconf 89' lang='lat' dir='ltr'><strong>gaudet</strong></span> 
     </span>
     <span class='ocr_line' id='line_1_29' title="bbox 146 3072 1322 3158; baseline -0.009 -15"><span class='ocrx_word' id='word_1_266' title='bbox 146 3078 319 3143; x_wconf 89' lang='lat' dir='ltr'><strong>removendi</strong></span> <span class='ocrx_word' id='word_1_267' title='bbox 340 3077 559 3158; x_wconf 89' lang='lat' dir='ltr'><strong>impedimenta,</strong></span> <span class='ocrx_word' id='word_1_268' title='bbox 576 3093 652 3158; x_wconf 91' lang='lat' dir='ltr'><strong>quae</strong></span> <span class='ocrx_word' id='word_1_269' title='bbox 673 3078 747 3143; x_wconf 86' lang='lat' dir='ltr'><strong>torte</strong></span> <span class='ocrx_word' id='word_1_270' title='bbox 767 3084 962 3156; x_wconf 89' lang='lat' dir='ltr'><strong>opponuntur.</strong></span> <span class='ocrx_word' id='word_1_271' title='bbox 978 3074 1059 3141; x_wconf 88' lang='lat' dir='ltr'><strong>Idem</strong></span> <span class='ocrx_word' id='word_1_272' title='bbox 1081 3072 1267 3137; x_wconf 87' lang='lat' dir='ltr'><strong>convincitur</strong></span> <span class='ocrx_word' id='word_1_273' title='bbox 1286 3087 1322 3133; x_wconf 85' lang='lat' dir='ltr'><strong>ex</strong></span> 
     </span>
     <span class='ocr_line' id='line_1_30' title="bbox 147 3173 1325 3259; baseline -0.01 -16"><span class='ocrx_word' id='word_1_274' title='bbox 147 3178 330 3257; x_wconf 81' lang='lat' dir='ltr'><strong>obligatione</strong></span> <span class='ocrx_word' id='word_1_275' title='bbox 349 3177 486 3252; x_wconf 89' lang='lat' dir='ltr'><strong>aliorum,</strong></span> <span class='ocrx_word' id='word_1_276' title='bbox 505 3194 594 3259; x_wconf 83' lang='lat' dir='ltr'><strong>quam</strong></span> <span class='ocrx_word' id='word_1_277' title='bbox 620 3178 666 3240; x_wconf 95' lang='lat' dir='ltr'><strong>ius</strong></span> <span class='ocrx_word' id='word_1_278' title='bbox 691 3178 839 3257; x_wconf 90' lang='lat' dir='ltr'><strong>importat.</strong></span> <span class='ocrx_word' id='word_1_279' title='bbox 861 3175 1028 3240; x_wconf 89' lang='lat' dir='ltr'><strong>Namcum</strong></span> <span class='ocrx_word' id='word_1_280' title='bbox 1049 3173 1236 3253; x_wconf 88' lang='lat' dir='ltr'><strong>organismus</strong></span> <span class='ocrx_word' id='word_1_281' title='bbox 1258 3186 1325 3234; x_wconf 92' lang='lat' dir='ltr'><strong>cor-</strong></span> 
     </span>
     <span class='ocr_line' id='line_1_31' title="bbox 148 3268 1322 3356; baseline -0.009 -16"><span class='ocrx_word' id='word_1_282' title='bbox 148 3292 258 3356; x_wconf 84' lang='lat' dir='ltr'><strong>porcus</strong></span> <span class='ocrx_word' id='word_1_283' title='bbox 280 3277 401 3355; x_wconf 85' lang='lat' dir='ltr'><strong>eiusque</strong></span> <span class='ocrx_word' id='word_1_284' title='bbox 423 3279 500 3339; x_wconf 85' lang='lat' dir='ltr'><strong>uires</strong></span> <span class='ocrx_word' id='word_1_285' title='bbox 521 3275 701 3339; x_wconf 86' lang='lat' dir='ltr'><strong>uoluntatem</strong></span> <span class='ocrx_word' id='word_1_286' title='bbox 722 3282 750 3339; x_wconf 88' lang='lat' dir='ltr'><strong>et</strong></span> <span class='ocrx_word' id='word_1_287' title='bbox 772 3275 917 3338; x_wconf 88' lang='lat' dir='ltr'><strong>rationem</strong></span> <span class='ocrx_word' id='word_1_288' title='bbox 941 3274 1024 3354; x_wconf 84' lang='lat' dir='ltr'><strong>sequi</strong></span> <span class='ocrx_word' id='word_1_289' title='bbox 1049 3272 1188 3343; x_wconf 82' lang='lat' dir='ltr'><strong>debeant3</strong></span> <span class='ocrx_word' id='word_1_290' title='bbox 1210 3272 1249 3342; x_wconf 92' lang='lat' dir='ltr'><strong>is,</strong></span> <span class='ocrx_word' id='word_1_291' title='bbox 1269 3268 1322 3347; x_wconf 85' lang='lat' dir='ltr'><strong>qui</strong></span> 
     </span>
     <span class='ocr_line' id='line_1_32' title="bbox 150 3366 1321 3452; baseline -0.009 -15"><span class='ocrx_word' id='word_1_292' title='bbox 150 3374 273 3437; x_wconf 82' lang='lat' dir='ltr'><strong>alterius</strong></span> <span class='ocrx_word' id='word_1_293' title='bbox 302 3374 482 3439; x_wconf 87' lang='lat' dir='ltr'><strong>voluntatem</strong></span> <span class='ocrx_word' id='word_1_294' title='bbox 503 3372 559 3435; x_wconf 93' lang='lat' dir='ltr'><strong>sibi</strong></span> <span class='ocrx_word' id='word_1_295' title='bbox 581 3373 740 3452; x_wconf 85' lang='lat' dir='ltr'><strong>obligatam</strong></span> <span class='ocrx_word' id='word_1_296' title='bbox 766 3373 857 3436; x_wconf 86' lang='lat' dir='ltr'><strong>habet</strong></span> <span class='ocrx_word' id='word_1_297' title='bbox 879 3371 908 3433; x_wconf 86' lang='lat' dir='ltr'><strong>vi</strong></span> <span class='ocrx_word' id='word_1_298' title='bbox 931 3371 1017 3445; x_wconf 92' lang='lat' dir='ltr'><strong>iuris,</strong></span> <span class='ocrx_word' id='word_1_299' title='bbox 1040 3369 1203 3448; x_wconf 90' lang='lat' dir='ltr'><strong>obligatum</strong></span> <span class='ocrx_word' id='word_1_300' title='bbox 1230 3366 1321 3429; x_wconf 89' lang='lat' dir='ltr'><strong>etiam</strong></span> 
     </span>
     <span class='ocr_line' id='line_1_33' title="bbox 152 3467 1323 3551; baseline -0.005 -18"><span class='ocrx_word' id='word_1_301' title='bbox 152 3472 242 3535; x_wconf 89' lang='lat' dir='ltr'><strong>babet</strong></span> <span class='ocrx_word' id='word_1_302' title='bbox 255 3472 319 3535; x_wconf 91' lang='lat' dir='ltr'><strong>eius</strong></span> <span class='ocrx_word' id='word_1_303' title='bbox 332 3472 532 3551; x_wconf 88' lang='lat' dir='ltr'><strong>organismum</strong></span> <span class='ocrx_word' id='word_1_304' title='bbox 551 3471 685 3550; x_wconf 84' lang='lat' dir='ltr'><strong>viresque</strong></span> <span class='ocrx_word' id='word_1_305' title='bbox 699 3486 866 3549; x_wconf 87' lang='lat' dir='ltr'><strong>corporeas,</strong></span> <span class='ocrx_word' id='word_1_306' title='bbox 881 3477 1023 3548; x_wconf 86' lang='lat' dir='ltr'><strong>quantum</strong></span> <span class='ocrx_word' id='word_1_307' title='bbox 1037 3468 1076 3530; x_wconf 93' lang='lat' dir='ltr'><strong>ad</strong></span> <span class='ocrx_word' id='word_1_308' title='bbox 1090 3467 1223 3531; x_wconf 89' lang='lat' dir='ltr'><strong>debitum</strong></span> <span class='ocrx_word' id='word_1_309' title='bbox 1238 3479 1323 3543; x_wconf 91' lang='lat' dir='ltr'><strong>prae·</strong></span> 
     </span>
     <span class='ocr_line' id='line_1_34' title="bbox 152 3564 1323 3649; baseline -0.006 -17"><span class='ocrx_word' id='word_1_310' title='bbox 152 3570 290 3632; x_wconf 88' lang='lat' dir='ltr'><strong>standum</strong></span> <span class='ocrx_word' id='word_1_311' title='bbox 311 3585 431 3634; x_wconf 91' lang='lat' dir='ltr'><strong>necesse</strong></span> <span class='ocrx_word' id='word_1_312' title='bbox 452 3570 500 3631; x_wconf 88' lang='lat' dir='ltr'><strong>sit.</strong></span> <span class='ocrx_word' id='word_1_313' title='bbox 522 3567 555 3633; x_wconf 89' lang='lat' dir='ltr'><strong>Si</strong></span> <span class='ocrx_word' id='word_1_314' title='bbox 568 3569 659 3649; x_wconf 90' lang='lat' dir='ltr'><strong>igitur</strong></span> <span class='ocrx_word' id='word_1_315' title='bbox 680 3576 806 3648; x_wconf 86' lang='lat' dir='ltr'><strong>utraque</strong></span> <span class='ocrx_word' id='word_1_316' title='bbox 825 3569 863 3631; x_wconf 90' lang='lat' dir='ltr'><strong>ad</strong></span> <span class='ocrx_word' id='word_1_317' title='bbox 887 3569 935 3630; x_wconf 91' lang='lat' dir='ltr'><strong>ius</strong></span> <span class='ocrx_word' id='word_1_318' title='bbox 959 3567 1017 3630; x_wconf 86' lang='lat' dir='ltr'><strong>sibi</strong></span> <span class='ocrx_word' id='word_1_319' title='bbox 1037 3564 1218 3629; x_wconf 91' lang='lat' dir='ltr'><strong>reddendum</strong></span> <span class='ocrx_word' id='word_1_320' title='bbox 1239 3564 1323 3641; x_wconf 90' lang='lat' dir='ltr'><strong>cogit</strong></span> 
     </span>
     <span class='ocr_line' id='line_1_35' title="bbox 148 3660 1321 3746; baseline -0.006 -17"><span class='ocrx_word' id='word_1_321' title='bbox 148 3665 198 3729; x_wconf 89' lang='lat' dir='ltr'><strong>vel</strong></span> <span class='ocrx_word' id='word_1_322' title='bbox 219 3668 256 3729; x_wconf 85' lang='lat' dir='ltr'><strong>ab</strong></span> <span class='ocrx_word' id='word_1_323' title='bbox 274 3667 448 3746; x_wconf 88' lang='lat' dir='ltr'><strong>opponendo</strong></span> <span class='ocrx_word' id='word_1_324' title='bbox 468 3666 675 3745; x_wconf 89' lang='lat' dir='ltr'><strong>impedimento</strong></span> <span class='ocrx_word' id='word_1_325' title='bbox 695 3666 858 3744; x_wconf 84' lang='lat' dir='ltr'><strong>compescit</strong></span> <span class='ocrx_word' id='word_1_326' title='bbox 879 3664 1006 3745; x_wconf 83' lang='lat' dir='ltr'><strong>(quoties</strong></span> <span class='ocrx_word' id='word_1_327' title='bbox 1025 3662 1160 3728; x_wconf 87' lang='lat' dir='ltr'><strong>voluntas</strong></span> <span class='ocrx_word' id='word_1_328' title='bbox 1179 3661 1256 3735; x_wconf 90' lang='lat' dir='ltr'><strong>eius,</strong></span> <span class='ocrx_word' id='word_1_329' title='bbox 1269 3660 1321 3739; x_wconf 88' lang='lat' dir='ltr'><strong>qui</strong></span> 
     </span>
     <span class='ocr_line' id='line_1_36' title="bbox 148 3757 1321 3843; baseline -0.009 -14"><span class='ocrx_word' id='word_1_330' title='bbox 148 3764 274 3843; x_wconf 90' lang='lat' dir='ltr'><strong>implere</strong></span> <span class='ocrx_word' id='word_1_331' title='bbox 287 3764 418 3829; x_wconf 87' lang='lat' dir='ltr'><strong>odicium</strong></span> <span class='ocrx_word' id='word_1_332' title='bbox 434 3764 530 3839; x_wconf 86' lang='lat' dir='ltr'><strong>debet,</strong></span> <span class='ocrx_word' id='word_1_333' title='bbox 545 3763 716 3843; x_wconf 89' lang='lat' dir='ltr'><strong>renitatur);</strong></span> <span class='ocrx_word' id='word_1_334' title='bbox 737 3762 777 3826; x_wconf 92' lang='lat' dir='ltr'><strong>nil</strong></span> <span class='ocrx_word' id='word_1_335' title='bbox 799 3779 872 3826; x_wconf 89' lang='lat' dir='ltr'><strong>sanc</strong></span> <span class='ocrx_word' id='word_1_336' title='bbox 888 3763 1003 3841; x_wconf 87' lang='lat' dir='ltr'><strong>perficit</strong></span> <span class='ocrx_word' id='word_1_337' title='bbox 1016 3761 1094 3839; x_wconf 88' lang='lat' dir='ltr'><strong>quod</strong></span> <span class='ocrx_word' id='word_1_338' title='bbox 1109 3757 1215 3822; x_wconf 91' lang='lat' dir='ltr'><strong>rationi</strong></span> <span class='ocrx_word' id='word_1_339' title='bbox 1229 3765 1260 3821; x_wconf 89' lang='lat' dir='ltr'><strong>et</strong></span> <span class='ocrx_word' id='word_1_340' title='bbox 1273 3773 1321 3821; x_wconf 93' lang='lat' dir='ltr'><strong>or-</strong></span> 
     </span>
     <span class='ocr_line' id='line_1_37' title="bbox 146 3857 1321 3942; baseline -0.006 -14"><span class='ocrx_word' id='word_1_341' title='bbox 146 3864 211 3928; x_wconf 90' lang='lat' dir='ltr'><strong>dini</strong></span> <span class='ocrx_word' id='word_1_342' title='bbox 233 3865 426 3929; x_wconf 87' lang='lat' dir='ltr'><strong>contradicat.</strong></span> <span class='ocrx_word' id='word_1_343' title='bbox 441 3865 483 3928; x_wconf 88' lang='lat' dir='ltr'><strong>At</strong></span> <span class='ocrx_word' id='word_1_344' title='bbox 497 3857 569 3928; x_wconf 75' lang='lat' dir='ltr'><strong>vero&#39;</strong></span> <span class='ocrx_word' id='word_1_345' title='bbox 585 3864 616 3927; x_wconf 95' lang='lat' dir='ltr'><strong>id</strong></span> <span class='ocrx_word' id='word_1_346' title='bbox 637 3864 816 3927; x_wconf 81' lang='lat' dir='ltr'><strong>coacdonem</strong></span> <span class='ocrx_word' id='word_1_347' title='bbox 837 3864 987 3942; x_wconf 87' lang='lat' dir='ltr'><strong>importat.</strong></span> <span class='ocrx_word' id='word_1_348' title='bbox 1001 3861 1081 3940; x_wconf 81' lang='lat' dir='ltr'><strong>Ergo</strong></span> <span class='ocrx_word' id='word_1_349' title='bbox 1101 3859 1156 3935; x_wconf 84' lang='lat' dir='ltr'><strong>ius,</strong></span> <span class='ocrx_word' id='word_1_350' title='bbox 1178 3860 1235 3923; x_wconf 88' lang='lat' dir='ltr'><strong>boc</strong></span> <span class='ocrx_word' id='word_1_351' title='bbox 1255 3859 1321 3938; x_wconf 90' lang='lat' dir='ltr'><strong>ipso</strong></span> 
     </span>
     <span class='ocr_line' id='line_1_38' title="bbox 145 3958 1321 4051; baseline -0.006 -24"><span class='ocrx_word' id='word_1_352' title='bbox 145 3962 227 4043; x_wconf 90' lang='lat' dir='ltr'><strong>quod</strong></span> <span class='ocrx_word' id='word_1_353' title='bbox 250 3970 298 4051; x_wconf 82' lang='lat' dir='ltr'><strong>est</strong></span> <span class='ocrx_word' id='word_1_354' title='bbox 321 3964 378 4037; x_wconf 90' lang='lat' dir='ltr'><strong>ius,</strong></span> <span class='ocrx_word' id='word_1_355' title='bbox 399 3962 566 4026; x_wconf 89' lang='lat' dir='ltr'><strong>coactivum</strong></span> <span class='ocrx_word' id='word_1_356' title='bbox 591 3969 647 4035; x_wconf 89' lang='lat' dir='ltr'><strong>est,</strong></span> <span class='ocrx_word' id='word_1_357' title='bbox 667 3978 719 4025; x_wconf 88' lang='lat' dir='ltr'><strong>seu</strong></span> <span class='ocrx_word' id='word_1_358' title='bbox 740 3963 779 4024; x_wconf 92' lang='lat' dir='ltr'><strong>ad</strong></span> <span class='ocrx_word' id='word_1_359' title='bbox 802 3962 861 4024; x_wconf 78' lang='lat' dir='ltr'><strong>um</strong></span> <span class='ocrx_word' id='word_1_360' title='bbox 888 3978 940 4038; x_wconf 89' lang='lat' dir='ltr'><strong>pro</strong></span> <span class='ocrx_word' id='word_1_361' title='bbox 967 3978 998 4024; x_wconf 94' lang='lat' dir='ltr'><strong>se</strong></span> <span class='ocrx_word' id='word_1_362' title='bbox 1024 3958 1321 4049; x_wconf 77' lang='lat' dir='ltr'><strong>adhibendamtacit</strong></span> 
     </span>
     <span class='ocr_line' id='line_1_39' title="bbox 146 4068 335 4142; baseline -0.005 -17"><span class='ocrx_word' id='word_1_363' title='bbox 146 4068 335 4142; x_wconf 89' lang='lat' dir='ltr'><strong>potestatem.</strong></span> 
     </span>
    </p>
   </div>
   <div class='ocr_carea' id='block_1_3' title="bbox 180 4252 819 4325">
    <p class='ocr_par' dir='ltr' id='par_1_5' title="bbox 180 4252 819 4325">
     <span class='ocr_line' id='line_1_40' title="bbox 180 4252 819 4325; baseline -0.006 -19"><span class='ocrx_word' id='word_1_364' title='bbox 180 4258 215 4318; x_wconf 81' lang='lat' dir='ltr'><strong>(l)</strong></span> <span class='ocrx_word' id='word_1_365' title='bbox 234 4258 320 4307; x_wconf 68' lang='lat' dir='ltr'><strong>doura</strong></span> <span class='ocrx_word' id='word_1_366' title='bbox 335 4258 367 4307; x_wconf 83' lang='lat' dir='ltr'><strong>de</strong></span> <span class='ocrx_word' id='word_1_367' title='bbox 381 4258 455 4306; x_wconf 82' lang='lat' dir='ltr'><strong>droit</strong></span> <span class='ocrx_word' id='word_1_368' title='bbox 471 4256 590 4325; x_wconf 76' lang='lat' dir='ltr'><strong>coloret,</strong></span> <span class='ocrx_word' id='word_1_369' title='bbox 608 4256 626 4304; x_wconf 93' lang='lat' dir='ltr'><strong>I.</strong></span> <span class='ocrx_word' id='word_1_370' title='bbox 643 4269 666 4317; x_wconf 92' lang='lat' dir='ltr'><strong>p.</strong></span> <span class='ocrx_word' id='word_1_371' title='bbox 678 4258 736 4317; x_wconf 78' lang='lat' dir='ltr'><strong>gen.</strong></span> <span class='ocrx_word' id='word_1_372' title='bbox 747 4254 785 4303; x_wconf 87' lang='lat' dir='ltr'><strong>eh.</strong></span> <span class='ocrx_word' id='word_1_373' title='bbox 797 4252 819 4303; x_wconf 84' lang='lat'><strong>3.</strong></span> 
     </span>
    </p>
   </div>
   <div class='ocr_carea' id='block_1_4' title="bbox 0 0 1587 4934">
    <p class='ocr_par' dir='ltr' id='par_1_6' title="bbox 0 0 1587 4934">
     <span class='ocr_line' id='line_1_41' title="bbox 0 0 1587 4934; baseline 0 0"><span class='ocrx_word' id='word_1_374' title='bbox 0 0 1587 4934; x_wconf 95' lang='lat' dir='ltr'><strong> </strong></span> 
     </span>
    </p>
   </div>
  </div>
 </body>
</html>
