3159 4934
328 295 384 356 286
652 314 692 357 tus
711 314 837 358 canonas
854 331 864 342 ·
882 312 950 355 runs
968 311 993 352 u.
1009 310 1051 353 tus
1068 308 1176 352 suornm

328 425 567 500 consectarium
594 426 651 489 hoc
679 426 823 489 cernitur:
845 432 877 488 nt
898 423 1146 504 quemadmodum
1172 439 1210 485 ex
1232 424 1353 485 honesta
1379 421 1494 483 actione

327 523 444 602 adeptio
465 524 531 587 boni
552 531 582 586 et
606 523 741 602 voluptas
766 529 934 596 enascatur,
954 521 997 584 sic
1018 528 1119 584 contra
1140 536 1177 582 ex
1197 520 1313 582 actione
1333 517 1413 596 turpi
1442 519 1494 580 da·

327 637 427 685 mrum
442 629 470 683 et
491 621 573 684 dolor
594 621 737 684 obveniat.
754 618 816 684 Nec
837 619 893 681 nisi
915 627 1066 696 tamquam
1089 631 1150 680 rem
1166 616 1250 678 valde
1262 622 1492 695 praeposteram,

326 723 447 785 docente
478 729 591 793 natura,
613 719 835 782 consideramus
865 719 960 782 scelos
991 733 1058 779 cnm
1091 717 1239 790 felicitate,
1263 717 1406 778 virtutem
1425 732 1494 780 cum

327 818 442 881 miseria
454 817 649 880 coniunctam.
657 815 740 890 Quod
751 817 910 895 aliquando
922 816 1090 894 permittere
1100 816 1154 878 etsi
1166 815 1282 878 diuinae
1295 815 1494 893 providentiae

326 933 382 980 non
410 923 561 993 repugnet,
582 929 656 992 quae
684 915 765 978 brevi
791 914 881 977 huius
906 913 971 976 aevi
1002 912 1112 975 circulo
1141 929 1197 976 nou
1224 913 1378 990 expletum
1400 919 1494 975 umen

325 1013 431 1091 oppido
457 1013 579 1074 dedecet
605 1012 818 1089 providentiam
843 1010 939 1073 civilis
965 1010 1161 1089 auctoritatis,
1188 1025 1264 1088 qnae
1292 1011 1322 1072 iu
1349 1011 1409 1074 hac
1436 1011 1493 1072 uita

326 1112 481 1174 dumtaxat
502 1108 559 1172 vim
582 1125 666 1170 snam
687 1115 813 1182 exercet,
826 1122 856 1170 et
877 1107 988 1171 idcirco
1009 1106 1103 1170 nDeo
1124 1108 1258 1170 instituta
1278 1115 1334 1183 est,
1351 1116 1386 1168 nt
1403 1109 1491 1171 ordini

327 1208 427 1271 sociali
449 1216 479 1270 et
500 1208 676 1284 temporario
704 1206 846 1270 consulat.
868 1203 909 1269 Ut
929 1205 1021 1284 igitur
1045 1205 1109 1268 eius
1133 1207 1260 1283 partium
1281 1213 1329 1267 est
1356 1205 1491 1277 actiones,

326 1321 402 1385 qnae
432 1304 516 1368 civile
547 1305 655 1366 bonnm
686 1309 806 1382 augent,
827 1303 966 1381 praemiis
998 1303 1193 1376 remunerari;
1219 1303 1263 1366 sic
1292 1302 1331 1364 ad
1362 1303 1490 1366 eumdem

326 1409 442 1482 spectat
455 1402 635 1480 nocentibus,
647 1400 697 1480 qui
713 1400 799 1463 civile
823 1402 931 1464 bonum
947 1401 1125 1463 imminuunt
1138 1408 1191 1463 aut
1204 1401 1372 1477 destruunt,
1387 1416 1491 1478 poenas

326 1501 465 1579 indigere.
488 1499 598 1564 Curare
628 1499 706 1561 enim
730 1500 846 1562 omnino
876 1499 963 1561 dehet
987 1506 1021 1560 ut
1053 1499 1083 1560 in
1103 1498 1212 1572 ordine,
1234 1514 1322 1577 qoem
1354 1499 1492 1569 custodit,

325 1598 470 1676 flagitium
491 1613 547 1660 non
570 1597 737 1674 sospitatur,
760 1597 812 1658 sed
839 1597 937 1673 potius
957 1596 995 1658 ud
1017 1597 1139 1661 rationis
1160 1611 1293 1659 normam
1321 1593 1492 1675 congruenti

326 1697 487 1774 privatione
500 1694 567 1758 honi
588 1701 618 1756 et
638 1693 737 1756 dolore
762 1692 917 1757 afficiatur.
934 1691 966 1757 ld
982 1685 1080 1756 numm
1102 1708 1156 1756 non
1177 1693 1258 1755 alind
1271 1702 1357 1756 sonat
1377 1694 1436 1756 uisi
1449 1695 1491 1756 ins

326 1792 460 1857 sumendi
492 1807 628 1870 poenam;
652 1791 797 1868 siqnidem
833 1791 902 1854 boni
933 1792 1068 1868 privatio,
1087 1807 1164 1870 quae
1193 1790 1324 1854 dolorem
1350 1793 1438 1854 affert
1466 1803 1492 1853 et

328 1899 444 1968 propter
466 1894 580 1966 turpem
600 1889 744 1950 actionem
768 1888 921 1966 infligitur,
944 1905 1052 1966 poenae
1072 1890 1186 1953 nomine
1208 1890 1384 1969 designator.

368 1985 423 2050 Cui
449 1993 622 2065 argumento
654 1985 768 2048 accedit
795 1995 956 2064 poenarum
984 1987 1313 2066 inflictionem.tet1uiri
1336 1988 1429 2062 etiam,
1456 1996 1491 2048 ut

329 2084 462 2162 exemplo
473 2090 502 2146 et
517 2083 613 2146 timori
628 2085 667 2144 sit
680 2083 795 2145 ceteris.
807 2082 891 2146 Multi
906 2082 984 2147 enim
998 2093 1078 2158 snnt,
1088 2088 1139 2164 qni
1155 2085 1194 2148 ad
1209 2087 1339 2148 ordinem
1351 2083 1492 2148 socialem

327 2182 502 2245 servandum
518 2196 615 2244 amore
637 2181 755 2251 honesti
776 2195 833 2244 non
854 2182 1047 2245 adducuntur.
1062 2180 1124 2246 Hos
1143 2199 1213 2262 ergo
1234 2198 1392 2261 poenarum
1411 2191 1494 2245 metu

327 2289 438 2344 terrere
458 2287 585 2356 opocen
610 2287 642 2340 nt
663 2279 769 2341 saltem
790 2293 826 2341 ex
849 2281 918 2357 iuga
940 2280 1009 2342 mali
1030 2280 1156 2354 sensilis,
1170 2281 1249 2358 qnod
1270 2281 1441 2353 abhorrent,
1457 2281 1492 2341 ad

328 2381 449 2454 crimen,
464 2379 542 2457 quod
564 2385 673 2454 amant,
690 2376 893 2440 declinandum
916 2377 1112 2456 impellantur.

338 2514 341 2520 ·
366 2476 499 2555 Denique
520 2483 640 2554 propter
660 2475 756 2552 ipsius
778 2475 910 2537 nocentis
931 2475 1089 2538 utilitatem
1112 2491 1204 2553 poena
1228 2474 1399 2553 requiritur.
1414 2473 1493 2562 ‚llam

329 2591 383 2653 ope
403 2575 483 2636 illins
505 2589 611 2636 nocens
631 2574 712 2635 iacto
726 2571 853 2634 addiscit
874 2573 983 2636 cmmen
1004 2573 1137 2636 lelicitati
1157 2581 1187 2635 et
1206 2581 1330 2636 naturae
1349 2573 1495 2634 humanae

328 2673 477 2751 augendae
491 2671 563 2733 nihil
586 2671 725 2743 conferre,
741 2669 793 2731 sed
815 2671 913 2748 potius
934 2672 1048 2733 obesse:
1065 2677 1153 2750 atque
1174 2670 1215 2732 ita
1236 2670 1274 2732 ad
1294 2670 1412 2734 facilius
1427 2670 1495 2732 resi-

328 2771 497 2848 piscendum
509 2768 668 2831 adducitur
679 2767 725 2830 vel
743 2766 847 2830 saltem
858 2767 1028 2830 stimulatur
1039 2767 1090 2848 (l).
1103 2767 1201 2841 Quare
1215 2770 1337 2832 elleotns
1346 2777 1378 2832 et
1388 2785 1493 2846 scopus

327 2881 434 2944 poenae
456 2867 562 2944 triplex
578 2875 639 2929 est:
655 2872 688 2928 nt
709 2865 824 2927 laesum
839 2866 970 2928 ordinem
985 2873 1137 2943 restauret,
1152 2874 1186 2930 nt
1200 2867 1314 2930 nocenti
1336 2867 1494 2938 medeatur,

330 2973 363 3025 nt
382 2964 548 3040 exemplum
569 2964 619 3025 det
639 2963 753 3026 ceteris.
773 2959 898 3026 Proinde
919 2979 1007 3041 poena
1022 2965 1111 3026 simul
1130 2972 1177 3026 est
1196 2964 1389 3044 reparatrix,
1403 2961 1497 3026 medi-

327 3059 449 3136 cinalis,
466 3059 761 3140 exemplorumque
776 3060 832 3123 tria
847 3061 875 3122 in
891 3062 1056 3123 sanciendis
1071 3063 1172 3138 poenis
1186 3077 1304 3140 semper
1318 3078 1387 3140 prae
1402 3062 1497 3125 oculis

326 3159 461 3221 habenda
482 3165 566 3232 sunt,
583 3173 764 3236 quamquam
786 3173 843 3220 non
865 3174 980 3236 semper
999 3159 1100 3221 eodem
1120 3160 1207 3222 modo
1228 3168 1257 3222 et
1279 3156 1394 3238 aeqnadi
1417 3175 1499 3221 men-

327 3273 396 3320 sura
420 3255 572 3334 procurari
595 3256 717 3332 possint.

366 3353 490 3428 Poenae,
504 3353 600 3431 quoad
616 3353 679 3416 deri
695 3362 799 3432 potest,
811 3353 869 3417 sint
885 3355 979 3417 mites.
992 3353 1084 3418 Recte
1097 3356 1175 3418 enim
1190 3355 1397 3418 animadvertit
1414 3352 1499 3417 Mon-

330 3521 361 3561 ⁵⁴''
373 3549 465 3614 (1),ᾼά
482 3564 535 3600 rem
553 3548 723 3613 Tapnrellius:
741 3567 754 3594 n
765 3549 824 3598 Gosl
839 3548 939 3612 comple
955 3547 1086 3610 (nimirum
1101 3549 1250 3609 auotoritas)
1266 3549 1285 3596 il
1304 3549 1386 3612 primo
1403 3549 1498 3598 dovere

325 3631 418 3682 sociale
435 3613 462 3680 si'
474 3618 547 3680 obruo
558 3629 574 3680 il
587 3629 754 3692 delinquente,
772 3631 795 3678 sl
811 3642 885 3678 verso
901 3628 936 3690 gli
952 3629 1079 3688 associati,
1096 3631 1117 3678 sl
1127 3643 1201 3677 verso
1215 3628 1232 3677 il
1242 3627 1373 3678 Creatore.
1386 3627 1472 3678 Verso
1483 3611 1499 3676 il

327 3713 496 3776 delinquente,
513 3708 685 3774 perche-'cotto
704 3708 827 3758 scemnrlo
844 3709 868 3758 di
885 3709 941 3757 beni
952 3709 1077 3758 materiati
1092 3708 1125 3772 gli
1137 3708 1268 3772 procacoiu
1286 3708 1410 3771 quantoe
1423 3708 1497 3756 dalei

326 3809 361 3841 un
372 3793 534 3841 incitamento
547 3789 568 3838 al
582 3791 645 3838 bene
661 3795 758 3846 onusto,
771 3803 830 3837 vero
840 3788 902 3837 bene
916 3787 1048 3837 dell'uomo
1059 3787 1102 3852 qui
1114 3788 1138 3836 in
1148 3794 1229 3848 terra3
1240 3802 1314 3836 verso
1322 3787 1357 3850 gri
1368 3787 1501 3839 associati,

327 3873 419 3935 perohd
442 3885 565 3934 corregge
588 3869 653 3918 nella
670 3869 709 3918 lor
725 3875 808 3918 mente
824 3868 841 3916 il
863 3867 990 3917 disordine
1010 3868 1035 3917 di
1056 3867 1166 3931 giudizio
1188 3867 1324 3917 formatori
1345 3865 1388 3916 dai
1409 3866 1498 3914 delitto

326 3951 409 4012 felice,
427 3966 501 4000 verso
519 3951 534 3998 it
553 3949 673 3998 Creatrtre
690 3964 704 3996 e
721 3947 868 3997 ordinatore
885 3963 1004 4011 supremo
1021 3946 1210 3998 dell’universal
1227 3948 1334 4004 -socleld,
1350 3947 1447 4010 perche
1464 3964 1501 3996 so

272 4056 274 4062 .
325 4030 405 4080 aliene
416 4029 621 4093 impreacrittibili
631 4027 654 4076 le
662 4027 762 4077 nozioni
771 4028 797 4077 dt
809 4027 1056 4095 naturnlpgiussticia,
1064 4025 1127 4076 sulle
1137 4026 1206 4091 quali
1218 4027 1346 4078 resociare
1355 4026 1501 4079 universale

327 4107 353 4156 in
366 4110 521 4172 appoggintn
532 4109 563 4158 dn
576 4109 610 4158 lui
622 4107 663 4157 nel
675 4107 782 4158 creurla.
793 4091 1044 4176 Coslr'iet‘r‘iimto
1057 4106 1096 4155 nel
1108 4107 1263 4171 triplicesuo
1276 4113 1375 4171 ospello
1386 4106 1500 4156 l'ordine

327 4189 420 4238 violato
437 4189 477 4238 dal
495 4189 668 4254 delinquente:
680 4187 862 4245 l'individnule,
877 4187 894 4237 il
910 4186 1011 4245 sociale,
1029 4185 1196 4236 l'uoiversnle.
1206 4205 1221 4233 n
1238 4187 1337 4252 Sapqio
1352 4187 1382 4235 dr*
1393 4185 1502 4236 Diritto

327 4269 455 4318 naturate
471 4283 521 4318 eno.
540 4269 598 4320 diss.
615 4269 638 4326 3,
656 4283 678 4318 e.
693 4267 715 4318 6.
