3159 4934
314 324 366 379 lot
598 336 641 378 rus
659 335 785 378 uernam
803 352 813 362 ·
830 334 898 376 nans
916 334 933 376 l.
951 334 993 376 rus
1011 332 1183 375 runrumuana

312 450 440 512 naturali
460 450 567 513 virtute
589 449 761 527 pertingere,
776 464 844 512 cum
865 447 1033 512 intellectos
1054 449 1157 522 nostri,
1177 447 1339 511 secundum
1357 448 1487 512 modum

313 548 475 627 praesentis
495 547 582 621 ritae,
597 546 725 627 cognitio
744 563 762 609 a
778 562 867 610 sensu
884 546 1014 625 incipiat.
1035 544 1076 609 llt
1096 546 1161 609 ideo
1174 562 1209 609 ea
1230 562 1306 625 quae
1319 546 1349 609 in
1363 562 1487 609 sensum

312 662 368 709 non
393 645 512 718 cadunt,
536 659 592 707 non
618 651 741 722 possunt
764 645 896 706 humano
919 643 1070 708 intellectu
1093 635 1171 722 ca'pi,
1195 643 1253 705 nisi
1278 652 1424 722 quatenus
1447 660 1488 707 cx

312 744 502 807 sensibilibus
524 759 624 807 eorum
642 744 769 823 cognitio
788 743 945 822 colligitur.
961 742 1113 807 Sensibilia
1130 752 1227 807 autem
1242 744 1352 807 adhoc
1374 744 1487 808 ducere

311 842 490 905 intellectum
512 849 716 904 nostrumnon
738 848 870 920 possunt,
884 848 916 903 ut
937 842 967 904 in
988 841 1031 903 cis
1046 842 1145 904 divina
1166 842 1332 904 substantia
1347 842 1488 905 videatur

310 940 382 1019 quid
403 940 452 1013 sir,
473 953 541 1001 oum
562 939 620 1001 sint
644 940 765 1001 ellectus
786 954 895 1001 causae
921 940 1059 1002 virtutem
1082 955 1139 1002 non
1163 948 1333 1017 aequantes.
1355 938 1486 1003 Ducitur

311 1044 408 1099 tamm
424 1052 460 1098 err
476 1036 664 1099 sensibilibus
677 1036 843 1099 intellectus
856 1044 955 1099 noster
969 1037 999 1098 iu
1021 1035 1150 1099 divinam
1165 1038 1371 1116 cognitionem,
1386 1044 1420 1101 ut
1436 1054 1487 1101 no-

311 1141 433 1213 gnoscat
447 1134 483 1196 de
498 1132 571 1207 Deo,
581 1133 655 1215 quia
666 1137 721 1210 est,
734 1142 764 1197 et
777 1133 834 1196 alia
850 1134 1020 1196 huiusmodi
1031 1149 1108 1212 quae
1119 1142 1233 1211 oportet
1248 1135 1370 1197 attribui
1387 1136 1485 1212 primo

312 1232 463 1310 principio.
479 1229 553 1294 Sunt
567 1232 658 1311 igitur
672 1232 817 1310 quaedam
838 1231 1067 1309 intelligibilium
1089 1232 1266 1319 divinorum,
1279 1248 1356 1311 quae
1376 1234 1487 1297 buma-

311 1344 365 1392 nae
386 1329 507 1392 rationis
527 1337 596 1406 sunt
616 1329 731 1408 pervia,
753 1329 899 1407 quaedam
921 1344 1000 1403 vero,
1017 1345 1093 1407 quae
1113 1330 1230 1393 omnino
1252 1331 1313 1391 vim
1334 1332 1485 1394 humanae

316 1426 438 1489 rationis
458 1426 603 1489 excedunt
618 1423 669 1506 (l).
685 1446 702 1482 »

350 1522 459 1598 Tertio,
480 1524 573 1586 multa
595 1531 664 1585 sunt
678 1538 753 1601 quae
773 1539 810 1586 ex
831 1522 921 1585 libera
944 1520 998 1585 Dei
1021 1523 1169 1586 voluntate
1190 1526 1274 1587 unice
1296 1526 1432 1603 pendent.
1452 1524 1484 1590 Si

309 1620 401 1700 igitur
422 1622 494 1683 baec
515 1621 575 1683 sint
597 1621 676 1699 talia,
698 1628 730 1681 ut
751 1620 888 1683 sensibus
910 1635 964 1683 non
988 1629 1188 1698 peccantum
1210 1630 1328 1700 tempus
1347 1624 1484 1685 futurum

310 1717 356 1783 vel
378 1718 553 1796 praecedens
569 1718 743 1797 respiciant3
758 1734 814 1781 nou
836 1717 922 1781 aliter
936 1719 1006 1780 sciri
1028 1728 1160 1797 possunt,
1175 1720 1232 1782 nisi
1253 1735 1290 1782 ex
1312 1722 1485 1785 manifesta·

310 1816 388 1879 tione
410 1817 516 1879 divina.
1308 1879 1311 1885 .

350 1912 389 1975 to
404 1912 578 1979 Paoaosrrro
599 1912 642 1978 2⁸.
665 1912 789 1978 Norueu
809 1914 1019 1992 revelationis,
1039 1915 1146 1979 stricte
1166 1919 1335 1996 sumptum,
1351 1917 1484 1997 proprie

310 2009 655 2089 couveauvaruarebu,
666 2011 709 2074 ad
719 2030 797 2093 quas
808 2010 1051 2076 tomoaaearate
1060 2012 1485 2095 lumiueassurgereuequc't.

350 2108 436 2189 Pron.
458 2108 620 2190 Revelatio,
642 2110 724 2172 iuxta
745 2111 804 2174 vim
827 2113 919 2188 vocis,
939 2112 1017 2173 idem
1039 2121 1122 2174 sonat
1143 2128 1178 2174 ac
1199 2113 1386 2176 remotionem
1411 2114 1485 2188 veli,

308 2224 367 2289 quo
388 2208 500 2287 aliquid
528 2208 646 2286 tegitur.
673 2206 757 2271 Unde
785 2224 854 2271 cum
883 2209 1108 2272 manifestationi
1138 2208 1272 2272 veritatis
1300 2210 1485 2288 applicatur,

309 2306 450 2369 subaudit
460 2307 613 2368 veritatem
625 2306 705 2367 illam
722 2322 819 2384 perse
834 2307 1059 2385 quasiquodam
1075 2307 1217 2370 velamine
1230 2309 1328 2387 obtegi
1344 2317 1484 2387 respectu

308 2404 445 2478 subiecti,
467 2404 515 2467 oui
530 2404 670 2481 aperitur.
693 2402 726 2467 lo
748 2418 835 2477 vero,¹
848 2412 882 2465 ut
903 2404 1089 2482 perspicuum
1111 2412 1166 2476 est,
1182 2420 1238 2467 uon
1259 2406 1403 2483 competit
1425 2407 1483 2467 nisi

310 2503 486 2565 veritatibus
512 2502 558 2576 iis,
583 2517 658 2579 quae
680 2501 813 2564 eiusdem
838 2501 963 2565 subiecti
987 2500 1085 2564 lumen
1112 2503 1262 2580 proprium
1288 2511 1318 2564 et
1345 2502 1485 2565 naturale

309 2614 429 2676 prorsus
443 2600 594 2663 excedunt.
612 2597 694 2671 Quae
708 2598 787 2661 enim
802 2597 842 2660 illi
859 2604 1033 2678 congruunt,
1046 2613 1096 2676 per
1110 2614 1141 2661 se
1155 2599 1235 2662 nullo
1250 2599 1315 2663 uelo
1329 2607 1484 2679 teguntur,

309 2698 362 2759 sed
384 2698 481 2775 potios
503 2707 617 2776 patent3
640 2714 690 2777 per
712 2712 743 2759 se
764 2698 840 2760 cuim
862 2706 931 2760 sunt
951 2698 1174 2776 cognoscibiles,
1195 2700 1281 2763 modo
1302 2715 1397 2774 mens,
1420 2702 1485 2764 sive

309 2796 472 2874 intuitione,
495 2797 556 2859 sive
578 2795 743 2878 ratiocinio,
764 2795 802 2858 ad
824 2796 907 2873 ipsas
928 2811 960 2858 se
981 2802 1145 2858 convertat.

347 2890 380 2955 ld
402 2894 531 2971 quidem,
546 2894 572 2956 si
587 2894 695 2957 veritas
711 2894 809 2971 quoad
824 2894 973 2972 propriam
988 2893 1191 2957 sulcationem
1210 2896 1377 2974 inspicitur.
1394 2894 1485 2969 Quod

308 2991 334 3052 si
354 3006 411 3055 non
431 2991 513 3054 ratio
537 2991 591 3068 rei,
615 2991 665 3053 scd
693 2991 776 3053 ratio
801 2990 895 3053 medii
922 2992 1134 3066 consideratur,
1155 3008 1257 3055 nomen
1287 2993 1484 3059 revelationis

307 3089 442 3152 convenit
461 3088 550 3151 etiam
572 3088 747 3152 ventalibus
768 3088 896 3151 naturali
916 3088 1018 3152 lumini
1041 3091 1277 3167 proportionalis,
1298 3098 1484 3170 quatenosa

307 3184 369 3249 Deo
384 3185 468 3249 nobis
481 3187 701 3250 manifestentur
716 3202 772 3249 non
787 3185 950 3250 evolutione
968 3186 1111 3249 naturalis
1125 3188 1345 3268 intelligentiae,
1357 3190 1409 3251 seo
1427 3206 1485 3268 per

307 3284 436 3349 medium
457 3292 539 3346 entra
554 3284 633 3347 vires
654 3291 774 3346 naturae
791 3284 934 3361 positum;
956 3284 1054 3363 qualis
1074 3293 1155 3347 esset
1175 3300 1227 3348 ox:
1244 3302 1289 3365 gr.
1311 3286 1357 3350 vel
1371 3301 1481 3370 super-

306 3382 449 3447 naturalis
463 3382 624 3459 inspiratio,
639 3381 685 3446 vel
698 3381 831 3462 loquutio
852 3382 984 3461 angelica
997 3390 1050 3445 aut
1071 3383 1200 3446 bominis
1214 3384 1357 3446 divinitus
1370 3384 1479 3449 afflati.

345 3479 392 3544 41.
416 3478 591 3545 Pnouosrrro
618 3478 661 3544 3⁸.
683 3476 823 3568 Homine
846 3478 889 3541 ad
912 3480 1186 3559 supernaturalem
1219 3484 1340 3545 statum
1366 3486 1480 3559 evecto,

304 3577 513 3643 accessorium
531 3578 656 3641 omniuo
676 3577 743 3656 fuit
762 3580 798 3639 ut
819 3577 883 3657 ipsi
901 3576 1052 3640 credenda
1072 3578 1295 3655 revelarentur,
1318 3596 1398 3659 perae
1416 3598 1484 3641 ua-

306 3676 439 3740 turaleut
458 3677 610 3741 rationem
631 3674 789 3739 coccedunt.

346 3774 431 3839 Prob.
453 3774 563 3855 Nequit
583 3768 718 3839 volontas
738 3774 768 3835 in
783 3775 915 3852 ignotum
936 3774 1014 3836 lerri.
1039 3772 1096 3837 Sed
1116 3774 1254 3848 bominis,
1275 3775 1312 3837 ad
1334 3786 1484 3853 superna-

306 3869 429 3934 turalem
445 3880 555 3936 statum
569 3872 674 3946 evecti,
688 3871 823 3935 voluutas
837 3871 996 3934 ordinanda
1010 3879 1054 3934 est
1076 3872 1105 3934 in
1123 3874 1208 3947 bona,
1223 3889 1300 3951 quae
1319 3871 1363 3935 illi
1385 3874 1481 3936 statui

305 3968 488 4044 respondent.
503 3970 583 4049 Ergo
596 3971 634 4033 ab
655 3969 784 4044 bomine,
798 3968 835 4031 ad
857 3969 1107 4046 supernaturalem
1130 3978 1242 4033 statum
1263 3972 1480 4050 evecto,.bona

304 4079 340 4127 ac
361 4066 480 4141 proinde
502 4084 569 4131 vera
584 4067 664 4147 (narn
678 4069 787 4131 bouum
809 4068 988 4130 conuertitur
1010 4082 1078 4129 cum
1099 4067 1178 4146 vero)
1200 4068 1238 4130 ad
1259 4066 1344 4129 illum
1359 4073 1481 4130 statum

328 4264 331 4269 ¹
353 4276 387 4340 (1)
406 4278 504 4327 Contra
519 4280 638 4340 gentiles,
654 4280 696 4329 lib.
715 4281 732 4339 l,
748 4295 768 4329 c.
785 4278 808 4329 3.
909 4311 913 4315 Α
