3159 4934
293 323 378 365 creor
396 323 430 366 ur.
449 326 483 367 nn
501 325 643 367 sociarum
660 325 803 379 musices,
822 327 935 370 nturnuu
953 327 1075 371 summu
1212 310 1265 371 315

474 549 652 619 Solvuntur
671 552 885 635 difficultates.

138 726 205 793 123.
225 726 317 794 Obiit.
333 729 355 794 l.
375 728 534 810 Imperium
554 731 616 794 siue
637 732 755 811 proprio
776 732 934 807 territorio,
952 734 983 796 iu
1004 749 1062 813 quo
1083 734 1263 798 iurisdictio-

91 844 163 891 nem
178 838 261 891 suam
282 835 427 903 exerceat,
441 829 555 907 concipi
575 832 685 908 nequit.
701 830 794 909 Atqui
809 828 944 895 Ecclesia
965 840 1046 895 caret
1067 833 1184 911 proprio
1206 840 1265 896 ter·

91 926 215 1001 ritorio;
231 940 298 989 nam
320 943 454 1007 quaeque
475 935 571 991 terrae
592 928 678 1007 plaga
698 930 790 993 alicui
810 930 912 994 subest
933 930 1055 1010 imperio
1076 930 1167 994 civiti.
1181 930 1262 1011 Ergo

91 1040 153 1088 non
174 1033 217 1087 εει
238 1025 298 1089 veri
319 1026 447 1088 nominis
468 1026 633 1106 imperium.

136 1120 173 1187 E.
193 1120 284 1187 Oonc.
300 1122 373 1185 oroi.
388 1130 418 1186 et
438 1142 514 1205 nepo
534 1124 609 1187 min.
624 1122 674 1187 Ad
694 1127 780 1189 cuius
802 1124 1004 1204 probationem
1026 1126 1107 1190 dist:
1123 1126 1263 1206 Quaeque

90 1229 191 1285 terrae
212 1220 298 1300 plaga
320 1222 408 1285 alicui
431 1224 532 1285 subest
552 1224 677 1301 imperio
697 1224 786 1298 civili,
806 1226 885 1303 qnod
905 1226 1048 1303 impedire
1070 1227 1169 1304 nequit
1191 1242 1263 1304 quc-

91 1319 193 1381 minus
206 1319 308 1382 cadem
329 1319 472 1384 subdatur
492 1321 616 1399 imperio
629 1320 782 1385 Ecclesiae
804 1322 900 1400 quoad
920 1326 1008 1387 finem
1028 1325 1181 1403 proprium
1195 1324 1265 1387 reli·

91 1417 200 1495 giouis,
214 1434 304 1492 conc,·
324 1418 404 1497 quod
425 1418 519 1497 ipsam
541 1420 684 1497 impedire
704 1420 769 1483 iure
790 1421 895 1497 possit,
908 1438 995 1501 nepo.

134 1509 266 1576 Domini
278 1518 325 1577 est
340 1519 458 1579 terrun
470 1519 502 1579 et
515 1514 681 1596 plenitudo
694 1518 760 1580 eins
776 1517 827 1597 (i).
843 1517 905 1582 lam
920 1536 990 1582 vero
1004 1517 1086 1583 Deus
1100 1520 1145 1583 sic
1158 1518 1263 1583 Eccle-

90 1613 170 1674 siam
191 1612 330 1687 iustituit,
345 1620 377 1677 ut
398 1615 426 1676 ei
446 1621 636 1693 pracceptum
649 1623 680 1683 ,ει
699 1616 748 1677 ius
768 1616 883 1679 dederit
898 1634 929 1681 se
951 1616 1131 1703 diffundendi
1153 1617 1182 1679 iu
1199 1617 1262 1679 uui·

90 1725 212 1772 versam
228 1717 347 1774 terram.
362 1709 447 1775 Hauc
467 1712 558 1790 igitur
571 1729 625 1791 pro
647 1714 795 1776 territorio
809 1716 869 1794 ipsi
889 1715 1034 1778 attribuit.
1049 1711 1133 1781 Unde
1147 1712 1176 1778 S.
1193 1712 1264 1777 Ber·

90 1809 206 1870 nardus
220 1808 258 1871 ad
271 1805 436 1888 Eugenium
451 1807 502 1884 lll¹
523 1825 669 1874 summum
692 1809 874 1887 Pontificem,
889 1814 1020 1876 scribens
1041 1814 1155 1877 aiebat:
1187 1809 1266 1877 Orbe

91 1905 269 1969 exeundum
287 1909 335 1969 est
353 1907 392 1984 ei,
407 1907 563 1986 pnisforte
581 1907 662 1973 uolet
681 1910 845 1991 explorare
859 1930 936 1992 qnae
950 1931 1013 1977 non
1030 1910 1073 1975 ud
1086 1916 1175 1975 tnant
1191 1930 1265 1992 per-

94 2002 199 2067 tinent
219 2023 327 2067 onram
341 2002 392 2086 (2).
407 2003 485 2069 Hinc
504 2004 638 2070 Ecclesia
660 2024 763 2071 nomeu
785 2008 961 2087 catholicoe,
984 2012 1060 2074 idest
1079 2011 1263 2087 universalis,

92 2103 151 2166 sibi
166 2102 317 2167 adsciscit.
332 2102 417 2176 Quod
438 2113 536 2167 autem
557 2106 689 2185 singulae
704 2114 799 2171 terrae
821 2116 919 2186 partes
938 2108 1027 2171 alicui
1049 2109 1129 2173 civili
1149 2110 1264 2171 subsint

93 2201 210 2277 ditioni,
225 2201 257 2263 id
270 2216 369 2265 reram
385 2202 589 2267 difficultatem
604 2219 661 2267 uon
675 2206 773 2283 babet,
789 2206 816 2267 si
837 2206 1088 2270 animadvertatur
1106 2206 1263 2269 diversitas

94 2298 253 2379 utriusque
273 2299 397 2378 imperii.
412 2298 547 2363 Ecclesia
567 2302 644 2364 euim
665 2303 797 2365 homiues
813 2304 870 2366 sibi
890 2304 990 2366 subdit
1011 2304 1107 2382 quoad
1128 2304 1260 2365 ordinem

92 2406 127 2460 et
140 2398 234 2479 ,finem
256 2397 333 2460 vitae
353 2407 498 2473 aeternae,
515 2408 649 2479 respectu
671 2402 756 2464 cuius
776 2392 872 2464 civilis
893 2402 1055 2464 auctoritas
1075 2401 1187 2465 nullum
1211 2414 1263 2478 per

93 2510 128 2557 se
147 2496 196 2558 ius
218 2496 317 2574 habet
342 2511 411 2559 cum
432 2497 547 2561 nonnisi
574 2513 673 2561 rerum
691 2498 888 2563 materialium
909 2505 939 2563 et
959 2500 1070 2563 ordinis
1092 2497 1263 2576 temporalis

91 2591 209 2655 ambitu
229 2594 419 2657 contineatur.

141 2688 235 2753 Obiic.
258 2688 293 2755 ll.
315 2690 347 2755 Si
367 2692 408 2755 ita
429 2699 515 2771 essct,
538 2700 607 2755 tuuc
635 2692 795 2756 baberetur
818 2690 931 2757 Stotrts
958 2695 987 2756 in
1009 2692 1124 2770 Statu·
1145 2710 1182 2757 ex
1203 2708 1263 2773 quo

94 2796 253 2867 perpetuae
274 2789 508 2867 perturbationes
521 2796 551 2853 ει
565 2790 659 2853 mutui
674 2790 828 2855 condictus
842 2792 996 2856 orirentur.
1011 2790 1092 2872 Ergo
1106 2792 1263 2856 dicendum

92 2895 153 2960 cst,
167 2884 332 2950 Ecclesiam
354 2903 411 2951 nou
431 2904 497 2952 csse
518 2889 685 2967 imperium.

134 2984 172 3047 R.
188 2983 280 3065 Nego
294 3003 431 3065 prorsns
452 2983 644 3049 antecedens.

135 3084 167 3147 Si
182 3100 285 3147 verum
299 3093 377 3148 esset
397 3084 582 3161 antecedens,
599 3084 696 3162 potius
718 3092 890 3163 sequeretur
910 3085 1076 3163 negandum
1091 3101 1153 3149 esse
1170 3085 1264 3162 impe·

92 3184 172 3245 rium
186 3184 286 3258 civile,
299 3200 389 3264 quam
410 3182 565 3260 imperium
580 3180 742 3259 Ecclesiac;
759 3184 905 3261 siquidem
928 3183 1054 3274 validius
1073 3190 1118 3245 εει
1139 3183 1186 3245 ius
1200 3181 1263 3245 teli·

93 3282 350 3366 cintispeteruae,
361 3297 437 3360 qtrae
447 3289 491 3343 εει
505 3278 743 3354 untsEcolestae,
753 3297 843 3359 quam
857 3282 905 3343 ius
917 3268 1064 3345 felicitatis
1080 3280 1261 3357 temporalis,

91 3397 170 3461 quae
191 3369 324 3443 cst‘tinis
347 3378 498 3442 societatis
519 3378 663 3458 politicae.
679 3374 737 3441 Sed
758 3379 833 3445 bouo
853 3383 913 3445 fato
934 3387 1070 3443 neutrum
1091 3378 1257 3442 iaciendum

91 3490 150 3554 εει,
164 3494 233 3541 cum
251 3478 428 3540 antecedens
442 3476 514 3557 illud
529 3477 568 3538 sit
589 3476 673 3554 plane
688 3477 806 3541 laisum.
821 3475 898 3541 Nam
914 3486 983 3541 tunc
1004 3478 1130 3539 habetur
1145 3472 1260 3538 Status

91 3580 124 3641 iu
137 3574 235 3639 Statu
254 3584 284 3638 ct
304 3576 413 3638 iunium
435 3591 543 3653 pugna,
557 3589 625 3637 cum
646 3575 721 3639 duae
742 3584 905 3654 potestates
925 3574 1058 3639 eiusdem
1079 3574 1191 3638 ordinis
1210 3591 1261 3643 su-

93 3690 229 3754 premum
242 3674 399 3752 imperium
413 3672 472 3735 sibi
487 3673 627 3746 tribuunt,
642 3683 672 3736 et
685 3674 788 3737 eadem
803 3674 919 3753 negotia
934 3674 988 3736 sub
1006 3673 1106 3736 eodem
1122 3679 1258 3751 respectu

92 3772 302 3836 administrare
324 3771 510 3834 contendunt.
525 3768 590 3833 Nou
611 3782 710 3834 autem
731 3772 773 3833 ita
794 3778 850 3846 est,
864 3786 932 3834 cum
954 3770 1047 3833 altera
1068 3786 1167 3832 rerum
1190 3777 1263 3831 tcm-

93 3866 253 3949 poralinm
273 3869 365 3932 altera
387 3867 586 3946 spiritualium
615 3867 760 3931 ambitum
782 3855 840 3931 sibi
862 3868 1000 3947 vindicat,
1021 3868 1051 3930 in
1072 3868 1173 3929 mixtis
1194 3882 1263 3930 vero

92 3967 194 4031 debito
207 3967 309 4031 ordine
329 3966 533 4045 disponuntur.
548 3980 601 4043 pro
622 3964 795 4027 relationum
817 3966 987 4030 diversitate
1001 3973 1031 4028 ει
1051 3965 1134 4028 iuxta
1156 3966 1264 4043 depen-

91 4058 236 4140 dentium,
248 4080 324 4145 quae
337 4081 374 4128 ex
387 4064 491 4127 finium
512 4072 616 4127 natura
631 4064 754 4127 resultat
766 4072 797 4128 et
817 4065 892 4127 iuris
912 4063 1263 4143 praemunierimus

144 4216 180 4279 (ι)
195 4216 239 4263 es.
255 4190 335 4263 axv.

144 4295 182 4357 (2)
197 4297 239 4345 De
258 4294 482 4349 Consideratione.
499 4292 514 4342 1.
530 4293 571 4351 itt,
586 4308 606 4343 c.
624 4294 648 4343 l.
