3159 4934
445 345 530 389 curor
548 347 573 389 11.
592 349 627 391 ou
644 347 787 394 muravma
804 350 882 394 ervmr
1195 343 1248 402 iil
1293 417 1297 425 1

69 461 288 538 fectionemque
309 476 327 524 a
348 459 476 524 naturali
497 471 585 538 statu,
606 473 726 544 propter
752 467 915 545 peculiares
942 470 1198 554 circumstantias,
1218 474 1248 536 iu

71 573 152 638 quas
171 559 292 622 turtuito
314 559 488 622 inciderunt.
509 560 551 624 At
572 561 608 625 de
628 559 810 628 Ronsseavio
830 565 915 628 satis.
1134 638 1137 643 ,

115 655 214 723 Otila.
230 657 266 723 ΙΙ.
281 677 320 722 cc
333 657 465 726 Hediae.
480 659 513 724 Iu
528 669 608 726 statu
622 670 744 728 naturae
758 665 884 744 qusque
905 665 952 727 ius
972 667 1062 731 habet
1082 669 1121 730 ad
1136 670 1245 733 omnia.

72 755 157 822 Hinc
168 759 302 838 seqnitm
315 758 446 824 laedendi
462 759 596 824 voluntas
609 767 640 824 et
654 769 791 826 mutuum
808 761 915 826 bellum
930 763 1061 827 omnium
1080 765 1111 829 ia
1131 781 1244 831 omnes.

74 853 141 920 Nec
156 857 382 922 vero-eiusmodi
396 856 517 922 nomndi
531 857 623 920 libido
637 875 674 921 ex
687 858 790 922 eadem
804 875 894 922 causa
912 861 1049 924 omuibus
1069 862 1246 929 innascitur.

74 952 155 1018 Nam
175 955 308 1018 homines
328 956 360 1017 in
382 961 462 1018 statu
476 963 598 1018 naturae
620 956 666 1019 vel
688 965 757 1020 suut
771 957 896 1020 modesti
916 966 947 1020 et
968 967 1038 1021 suas
1060 960 1137 1024 vires
1151 978 1243 1041 aeque

74 1055 275 1128 aestimantes,
296 1053 341 1117 vel
361 1061 431 1117 sunt
451 1054 556 1118 ferocis
584 1054 748 1134 ingeniine
770 1054 854 1130 tales,
877 1062 910 1118 ut
930 1056 970 1118 nil
993 1057 1051 1120 sibi
1078 1073 1135 1122 nen
1163 1075 1248 1124 arro·

72 1159 155 1231 gent.
176 1149 207 1216 Si
228 1154 285 1215 hoe
305 1153 465 1232 contingat,
487 1153 616 1230 proiecto
637 1153 669 1216 iri
690 1153 727 1216 ad
747 1153 822 1217 alios
841 1154 949 1218 iniuria
974 1156 1143 1221 afficiendos
1171 1160 1247 1222 inci·

73 1257 189 1322 tautum
211 1248 256 1310 sin
279 1249 415 1328 primum,
431 1249 566 1313 voluntas
580 1238 714 1314 laedendi
728 1251 757 1312 in
778 1251 838 1314 illis
858 1253 992 1315 exeritur
1012 1269 1049 1316 er
1069 1256 1246 1320 necessitate

69 1363 105 1410 se
126 1347 225 1410 tuendi
247 1362 282 1410 ac
302 1363 350 1410 res
371 1364 441 1410 suas
460 1363 601 1426 suamque
616 1347 782 1412 libertatem
800 1349 976 1413 vindicandi.
992 1349 1113 1430 Deinde,
1128 1354 1244 1432 ingenia

70 1445 191 1510 diversa
212 1452 332 1508 suntet
353 1453 456 1510 mutuo
477 1445 661 1508 dissentiunt.
685 1444 843 1510 Dissensus
870 1455 971 1510 autem
999 1448 1099 1512 odium
1124 1458 1155 1513 et
1175 1467 1244 1515 con·

70 1550 218 1622 temptum
240 1543 329 1621 paria
351 1552 440 1622 atque
467 1544 537 1606 hinc
558 1544 680 1608 nocendi
701 1544 879 1608 desiderium
897 1553 936 1608 et
965 1544 1084 1609 bellum.
1105 1545 1243 1626 Domum,

70 1642 128 1704 nisi
144 1641 183 1704 ad
196 1650 331 1704 mutuum
348 1643 457 1706 bellum
475 1649 580 1704 natura
595 1643 729 1705 homines
750 1643 929 1718 inclinasset,
943 1659 998 1706 cnr
1012 1644 1140 1708 uiatores
1158 1661 1242 1709 arma

69 1749 216 1820 gererent,
237 1742 316 1804 cives
336 1744 414 1805 iores
434 1741 587 1806 domorum
610 1740 788 1819 clauderent,
808 1757 949 1820 suprema
970 1748 1100 1820 potestas
1120 1743 1244 1806 militias

70 1839 242 1911 instrueret,
262 1845 292 1901 et
313 1839 442 1901 similia?

111 1933 149 1999 R.
171 1933 292 1999 Hubbes
313 1937 361 1999 his
382 1937 507 2015 argutiis
527 1936 651 2015 ineptire
679 1951 763 2000 nemo
788 1952 845 1999 nou
866 1936 956 2001 videt.
985 1935 1063 2001 Nam
1093 1940 1140 2002 ius
1169 1938 1244 2003 illud

68 2034 202 2096 onmium
217 2033 254 2096 ad
269 2033 376 2111 omnia,
390 2050 446 2098 non
460 2035 547 2098 modo
560 2051 596 2098 ex
612 2042 772 2114 systemate
791 2034 928 2114 resultat,
948 2037 1027 2114 quud
1048 2037 1157 2100 iulsum
1178 2054 1242 2101 esse

68 2131 209 2210 superius
223 2131 502 2208 demonstravimus;
519 2133 571 2196 sed
585 2133 673 2196 etiam
691 2136 892 2212 pugnantibus
913 2135 990 2198 iuter
1003 2151 1036 2198 se
1051 2137 1242 2215 conceptibus

67 2236 196 2292 constat.
217 2227 257 2293 tir
277 2245 346 2319 saue
366 2229 409 2292 ita
429 2231 524 2294 cuivis
552 2232 662 2294 homini
690 2239 881 2311 competeret,
902 2241 935 2295 ut
963 2250 980 2296 a
1009 2234 1118 2298 ceteris
1144 2251 1240 2315 acque

66 2326 134 2389 inre
155 2327 291 2404 impediri
312 2336 342 2390 et
362 2328 441 2390 omni
462 2331 568 2392 edoctu
589 2327 711 2392 destitui
738 2337 847 2408 pessel.
870 2329 920 2404 At,
946 2347 1067 2409 quaese,
1089 2333 1238 2412 quodnam

65 2442 177 2490 novum
192 2443 286 2506 genus
300 2427 373 2490 iuris
387 2427 418 2490 id
432 2436 519 2504 esset,
534 2428 612 2508 quod
626 2428 725 2491 nuilus
747 2431 876 2492 revereri
899 2437 1056 2511 teneretur,
1070 2432 1121 2494 sed
1137 2447 1239 2495 omues

67 2525 134 2586 siue
154 2523 287 2588 iustitiae
307 2526 421 2588 iactura
442 2525 598 2605 intringere
620 2527 758 2604 possent?
786 2524 890 2591 Nonne
918 2528 956 2589 ad
983 2529 1143 2591 essentiam
1164 2529 1239 2592 iuris

66 2624 206 2702 partinet,
227 2631 260 2685 nt
281 2632 392 2687 eeteros
413 2622 497 2702 plane
518 2625 554 2686 ad
577 2625 708 2688 officium
729 2625 860 2703 obligat

109 2719 195 2796 Quod
217 2721 301 2784 addit
322 2722 358 2784 de
378 2722 542 2784 differentia
563 2723 639 2784 inter
661 2728 856 2808 temperantes
877 2724 1063 2788 hominesue
1087 2725 1238 2802 violentos,

66 2821 100 2882 id
122 2835 178 2884 non
196 2819 237 2882 ad
258 2819 450 2883 roborandum
479 2819 531 2883 sed
552 2821 590 2882 ad
611 2814 815 2883 infirmandam
845 2822 944 2899 potius
971 2823 1036 2884 eius
1063 2824 1236 2887 seutentiam

65 2919 181 2981 dietum
204 2917 328 2980 videtur.
350 2914 428 2980 Nam
449 2917 476 2978 si
496 2917 621 2980 modesti
641 2916 683 2979 illi
705 2918 838 2981 homines
858 2935 929 2982 snas
954 2919 1032 2983 vires
1058 2922 1145 3000 aequi
1166 2937 1236 3001 peu·

64 3015 151 3089 dunt,
166 3023 196 3078 et
211 3015 278 3078 aliis
292 3015 379 3096 idem,
391 3015 473 3094 quod
485 3016 552 3088 sibi,
567 3015 756 3093 permittunt3
770 3015 847 3079 inter
861 3032 894 3079 se
910 3033 1013 3095 pacem
1028 3019 1135 3096 procul
1145 3019 1235 3084 dubio

65 3114 237 3177 servabunt.
259 3111 371 3176 Bellum
393 3113 485 3192 igitur
505 3113 544 3176 ab
564 3114 602 3176 iis
622 3113 801 3190 exeludilnr3
824 3115 903 3194 qnod
924 3117 962 3179 ad
984 3133 1133 3182 summum
1158 3119 1236 3182 inter

64 3214 161 3276 bonos
183 3211 294 3290 vigebit
313 3219 342 3274 et
363 3210 466 3290 malos,
487 3213 539 3289 qni
560 3213 598 3274 ad
618 3212 796 3274 inferendam
817 3209 954 3276 iniuriam
971 3215 1160 3292 paralisuot.
1175 3213 1234 3278 Sed

65 3327 102 3373 ne
124 3311 153 3373 id
174 3309 294 3389 quidem
315 3311 353 3372 ab
373 3309 559 3373 inclinatione
579 3319 701 3374 naturae
723 3311 901 3390 precederet,
925 3312 977 3375 sed
998 3329 1014 3373 a
1037 3328 1153 3386 merum
1170 3328 1237 3390 per·

62 3407 217 3483 versitate,
238 3423 297 3486 qua
318 3409 450 3470 homines
470 3423 595 3486 nequam
616 3408 729 3486 seipsos
752 3409 945 3488 inquinarunt
964 3418 994 3473 et
1015 3410 1052 3472 ad
1079 3409 1235 3474 laedendos

62 3505 142 3568 alios
158 3513 371 3582 permoventur.
386 3503 463 3577 Quid
478 3515 577 3568 autem
590 3506 648 3568 tert
664 3514 779 3582 natura,
794 3524 882 3571 nona
905 3523 1062 3585 pravmum
1082 3507 1234 3570 hominum

63 3603 121 3666 sed
142 3620 159 3666 a
178 3604 319 3668 bonorum
342 3604 547 3667 cousuetudine
568 3603 787 3668 diiudicandum
809 3613 864 3667 est.

108 3699 291 3780 ingeniorum
307 3717 375 3766 vero
390 3710 536 3765 certamen
553 3703 582 3764 in
600 3703 704 3781 primis
725 3717 880 3766 commune
901 3719 957 3766 nun
978 3711 1034 3765 est.
1049 3700 1136 3766 Mulli
1154 3703 1234 3765 euim

64 3799 190 3880 pacifica
217 3807 313 3862 meme
333 3799 479 3862 donantur
502 3807 532 3861 et
555 3799 621 3862 aliis
645 3799 782 3862 facillime
804 3800 1006 3878 acquiescunt.
1027 3796 1086 3873 Qui
1108 3814 1176 3864 vere
1197 3801 1237 3866 ab

62 3897 132 3960 aliis
161 3896 402 3973 discreparem,
424 3897 451 3958 si
477 3896 589 3959 cordati
617 3898 676 3958 sint
704 3905 734 3959 et
765 3897 933 3974 prudentes,
962 3897 1037 3958 satis
1065 3896 1236 3976 intelligunt

61 3995 232 4073 opinionum
254 3995 447 4059 differentiam
465 3994 505 4056 nil
526 3994 698 4058 concordiae
713 3995 895 4058 voluntatum
913 3995 1068 4058 detrahere
1089 4003 1233 4074 oportere.

61 4093 109 4157 Ac
134 4093 159 4154 si
184 4094 301 4171 qnando
325 4093 504 4156 centrarium
525 4092 644 4166 accidit,
665 4093 696 4155 id
720 4109 776 4156 uon
798 4095 836 4156 ab
859 4092 961 4156 ordine
989 4102 1122 4173 naturae,
1143 4097 1233 4159 seda

60 4191 179 4254 deiectu
200 4189 373 4279 individuali
394 4191 583 4268 repetendum
605 4185 660 4252 est.

102 4286 234 4367 Denique
257 4295 404 4366 postrema
425 4287 593 4361 difficultas,
615 4288 640 4349 si
662 4288 735 4367 qnid
757 4288 877 4364 valeret,
897 4287 1007 4353 bellum
1029 4307 1086 4354 uon
1101 4293 1188 4355 modo
1202 4293 1231 4355 in
