3159 4934
299 329 335 386 ta
815 343 954 386 rrurcn

300 456 395 518 lectus
419 454 561 519 consistit.
586 451 644 518 Sed
667 455 706 517 ad
730 454 909 518 voluntatem
935 457 1060 534 pertinet
1080 456 1234 520 delectatio
1257 457 1467 519 beatitudinem

301 568 491 631 consequens.
506 553 667 616 secundnm
688 552 766 631 quod
781 551 966 631 Augustinus
984 553 1056 616 dicit
1070 549 1121 632 (ld
1135 555 1257 617 consess.
1276 569 1302 616 c.
1317 550 1368 632 23>
1388 554 1468 631 quod

300 647 455 714 beatitudo
475 652 523 713 est
543 650 682 729 gaudium
705 647 741 712 de
761 649 901 726 amiate,
922 651 988 729 quia
1004 651 1116 714 seilicet
1136 652 1234 730 ipsum
1257 651 1397 730 gandium
1420 661 1469 714 est

303 748 519 813 consummatio
540 748 730 812 beatitudinis
745 747 797 827 (l).
808 769 826 804 ε

685 961 862 1026 Solvuntur
881 959 1086 1044 difficaltates

341 1139 390 1205 ΙΙ.
412 1139 505 1204 obde.
527 1139 549 1204 l.
571 1138 653 1204 Finis
674 1140 797 1204 ultimus
824 1141 872 1204 ille
892 1151 947 1216 est,
967 1143 1018 1222 qni
1040 1151 1159 1220 propter
1183 1159 1215 1204 se
1235 1142 1467 1219 concupiscitur.

304 1239 396 1318 Atqui
418 1240 486 1302 talis
499 1246 547 1302 est
566 1239 715 1316 voluptas3
730 1255 808 1318 quae
827 1247 906 1302 certe
920 1240 957 1302 ad
978 1239 1060 1301 aliud
1077 1255 1133 1303 non
1147 1240 1308 1302 ordinatur.
1323 1236 1469 1317 Itemque,

301 1352 370 1400 cum
391 1337 521 1416 operatio
548 1337 712 1416 appetentis
731 1338 822 1400 animi
841 1338 880 1399 sit
909 1346 1006 1400 motus
1030 1337 1161 1416 quidam,
1182 1344 1280 1400 motus
1306 1346 1406 1400 autem
1427 1337 1467 1398 ad

302 1434 430 1512 quietem
451 1436 578 1513 aspir·et;
599 1437 628 1497 iu
649 1436 792 1498 eiusmodi
814 1435 911 1513 quiete
931 1434 1053 1496 ultimus
1073 1435 1141 1496 finis
1169 1435 1389 1499 constituendus
1408 1443 1465 1497 est.

301 1530 383 1596 Haec
397 1549 465 1597 vero
486 1534 570 1612 quies
593 1534 727 1611 voluptas
749 1534 923 1597 nominatur.
938 1531 971 1596 ln
986 1533 1135 1610 uoluptate
1148 1533 1241 1612 igitur
1261 1533 1383 1594 ultimus
1398 1533 1469 1594 linis

302 1631 440 1694 collocari
460 1632 555 1695 debet.
849 1639 854 1648 ·

342 1726 515 1809 Distinpuo
535 1730 682 1792 molerem
714 1729 802 1808 primi
821 1729 1002 1808 argumenti:
1024 1726 1106 1792 Finis
1126 1727 1249 1791 ultimus
1270 1728 1319 1790 ille
1339 1736 1394 1800 εει,
1415 1730 1468 1806 qui

305 1836 424 1906 propter
445 1843 477 1890 se
492 1827 720 1904 concupiscitur,
741 1835 891 1904 tamquam
912 1826 1069 1900 obiectum,
1088 1824 1234 1901 concede·
1251 1835 1403 1903 tamqnam
1418 1840 1469 1888 co-

304 1926 454 1990 rollarium
476 1926 638 2003 adeptionis
659 1927 775 1996 obiecti,
795 1943 882 2004 nego.
897 1925 944 1988 Ad
958 1925 1107 1987 minorem
1128 1925 1197 1987 item
1215 1923 1391 2003 distinguo:
1407 1920 1469 1986 Vo-

303 2025 401 2102 luptas
421 2036 467 2086 est
485 2023 552 2086 talis
579 2025 674 2101 primo
695 2039 795 2096 seusu,
818 2041 912 2102 nege·
942 2022 1070 2086 secundo
1097 2039 1195 2096 sensu,
1224 2019 1360 2084 concedo.
1381 2018 1469 2093 Quod

301 2137 370 2184 uero
399 2122 536 2199 voluptas
561 2137 616 2184 non
641 2123 793 2185 ordinetur
820 2122 973 2196 adalind,
1001 2122 1032 2183 id
1059 2122 1146 2184 etiam
1175 2119 1321 2197 duplicem
1349 2134 1468 2181 sensum

302 2222 400 2282 babet.
416 2217 494 2282 Nam
508 2235 565 2283 non
575 2221 726 2284 ordinatur
741 2222 777 2284 ad
794 2221 875 2282 aliud
890 2230 1041 2299 tamquam
1055 2221 1185 2283 medium
1200 2219 1236 2281 ad
1251 2221 1349 2291 finem,
1364 2233 1469 2280 verum
1576 2291 1578 2297 Ι

298 2327 359 2391 εει;
377 2328 407 2380 ει
428 2320 580 2382 ordinatur
600 2319 638 2380 ad
659 2318 748 2392 aliud,
765 2328 916 2402 tamquam
936 2316 1088 2394 camdeno,
1104 2327 1136 2380 ut
1156 2319 1198 2380 ita
1218 2318 1326 2390 dicam,
1340 2316 1377 2378 ad
1392 2313 1469 2377 sud-

297 2415 469 2491 ubertate,-
491 2424 537 2478 est
556 2417 634 2478 enim
649 2415 758 2494 aliquid
781 2415 924 2479 resultans
938 2430 974 2478 eu
991 2415 1175 2494 possessione
1195 2415 1314 2487 obiecti,
1328 2414 1364 2476 ad
1385 2415 1469 2492 quod

297 2515 454 2578 tendimus,

340 2609 430 2684 Quies
451 2613 480 2674 in
503 2613 586 2685 bono,
607 2619 641 2674 ut
662 2612 841 2688 supradixi,
862 2620 908 2674 est
928 2611 1047 2691 quidem
1068 2613 1191 2675 effectus
1212 2613 1376 2674 necessario
1396 2626 1468 2673 cou-
1575 2606 1576 2657 ἰ

301 2725 425 2788 εεεεεεε
445 2709 628 2787 adeptionem
652 2711 728 2784 boni,
742 2711 792 2773 sed
807 2710 954 2772 obiectum
969 2725 1021 2787 per
1041 2725 1073 2771 se
1094 2726 1151 2773 nou
1171 2718 1230 2782 est;
1252 2709 1466 2772 multominus
1575 2742 1577 2797 3

297 2817 344 2871 est
369 2807 515 2871 obiectum
537 2807 710 2881 maximum,
734 2823 802 2870 cum
821 2824 878 2870 nnn
900 2808 939 2870 sit
960 2807 1015 2868 nisi
1035 2808 1152 2870 allectio
1173 2807 1317 2885 quaedam
1339 2807 1466 2869 subiecti

299 2905 384 2978 liniti,
404 2921 439 2967 ac
455 2904 573 2981 proinde
588 2919 634 2966 ros
648 2904 790 2968 limitibus
805 2904 1037 2981 circumscripta.
1053 2901 1156 2983 Neque
1170 2912 1216 2967 εει
1230 2904 1270 2978 ld,
1288 2904 1366 2984 quod
1381 2905 1466 2967 iuxta

297 3003 418 3065 rationis
438 3002 568 3065 ordinem
590 3016 642 3079 per
661 3003 856 3078 operationem
878 3003 1038 3080 quaeritur.
1060 2999 1200 3080 Operatio
1219 3003 1295 3065 euim
1318 3019 1335 3064 a
1357 3013 1465 3064 natura

297 3115 353 3162 non
374 3100 412 3161 ad
433 3099 667 3178 delectationem,
693 3100 744 3161 sed
765 3100 804 3162 ad
827 3100 974 3163 obiectum
995 3101 1232 3178 consequendum
1253 3102 1404 3179 dirigitur:
1425 3117 1466 3163 ex

297 3211 354 3275 qua
373 3197 610 3274 consequntione,
625 3203 764 3272 tanquam
775 3198 907 3272 effeetus,
921 3199 1014 3260 oritur
1027 3198 1192 3267 delectatio.
1207 3197 1304 3272 Quare
1318 3200 1467 3278 voluptas,
1574 3206 1576 3270 l

295 3295 354 3358 etsi
374 3311 430 3358 non
451 3296 594 3358 referatur
608 3293 646 3356 ad
661 3295 819 3358 honestum
840 3304 991 3375 tamquam
1013 3298 1143 3360 medium
1163 3299 1201 3360 ad
1221 3299 1308 3360 tinem
1329 3297 1371 3376 (id
1386 3298 1465 3360 enim

299 3393 365 3456 boni
380 3391 463 3454 utilis
484 3401 596 3454 tantum
618 3391 687 3470 est),
707 3393 832 3456 retertur
853 3402 950 3457 tamen
972 3401 1005 3456 ut
1024 3397 1148 3459 effectus
1167 3395 1205 3457 ad
1226 3411 1358 3469 causam,
1379 3395 1467 3459 cuius

300 3490 479 3568 praestantia
501 3496 531 3552 et
551 3491 667 3552 bouitas
689 3492 806 3568 proprie
826 3492 982 3569 appetitur.

337 3587 438 3666 Atque
459 3587 529 3649 bine
550 3586 689 3650 resolutio
715 3588 809 3650 oritur
829 3589 973 3652 secundae
1000 3590 1194 3653 difficultatis.
1217 3589 1295 3654 Nam
1317 3607 1370 3670 pro
1396 3601 1466 3656 ente

299 3687 410 3747 ratione
424 3684 559 3763 praedito
575 3685 642 3746 linis
655 3685 685 3746 id
707 3686 824 3764 proprie
837 3685 993 3749 dicendum
1007 3696 1063 3761 est,
1077 3689 1115 3750 ad
1129 3690 1208 3768 quod
1224 3691 1318 3752 tendit
1331 3691 1466 3767 operatio
1573 3691 1575 3715 ¹

296 3793 446 3861 tamqnam
461 3783 499 3844 ad
520 3768 667 3846 obiectum
689 3790 811 3846 naturae
830 3785 1099 3860 accommodatum
1113 3803 1179 3857 uon,
1192 3803 1260 3852 vero
1274 3789 1315 3860 id.
1329 3789 1368 3850 ad
1382 3791 1461 3868 quod

295 3880 424 3969 operatio
442 3881 535 3944 tendit
556 3889 705 3958 tamquam
720 3880 758 3942 ad
778 3880 951 3944 desitionem
973 3892 1069 3946 motus
1090 3885 1250 3948 autetiam
1271 3894 1367 3950 status
1387 3887 1465 3949 irre·
1572 3950 1573 3955 ,

293 3977 396 4056 quieti,
417 3978 468 4055 qui
491 3987 607 4054 propter
627 3977 734 4041 obiecti
753 3978 917 4042 absentiam
937 3980 1031 4044 oritur
1050 3992 1080 4044 et
1100 3983 1261 4060 indigentia
1281 3985 1464 4047 nominatur.
1572 3982 1573 4019 r

294 4073 371 4139 Cum
385 4076 462 4138 enim
477 4074 551 4138 baec
571 4076 637 4137 ideo
659 4075 806 4151 sollicitet,
826 4077 895 4156 quia
916 4078 1062 4142 obiectum
1085 4082 1257 4144 conveniens
1275 4083 1373 4157 abest;
1397 4073 1468 4161 pro-

344 4285 379 4348 (l)
397 4285 511 4335 Summa
528 4284 564 4334 tlt.
581 4285 616 4335 b·
631 4285 679 4336 2⁵⁰
697 4301 719 4350 q.
736 4287 776 4347 ΙΙΙ,
791 4303 816 4336 a·
830 4289 852 4336 t.
