3159 4934
309 306 363 364 258
632 322 672 364 rus
690 321 816 364 urrunnu
832 339 843 350 ·
861 320 929 362 rans
946 320 971 362 u.
989 320 1032 363 rus
1049 319 1157 364 metune

311 445 379 498 nata
402 451 523 514 persona
543 436 681 516 exigatur
696 432 748 516 (l).
770 432 891 507 Contra,
910 437 1035 512 paetum
1054 432 1169 498 sociole
1188 449 1244 498 non
1266 435 1410 513 agnoscit
1433 435 1496 497 nisi

308 532 430 596 liberam
448 533 659 612 paciscentium
676 532 865 606 voluntatem,
879 546 932 594 uec
948 531 1078 594 admittit
1092 531 1185 595 ullum
1201 531 1332 606 titulum,
1348 533 1376 593 vi
1397 533 1495 596 ouius

306 631 532 710 independenter
553 649 570 692 a
591 629 684 694 libero
706 627 905 691 multitudinis
929 644 1070 709 consensu
1099 637 1247 706 competat
1275 631 1412 708 cuipiam
1443 630 1495 692 ius

306 727 478 806 imperandi.
828 718 833 724 ’

342 823 395 890 lV.
414 825 522 890 Suarez
542 825 646 888 statuit
669 839 842 903 supremam
857 831 1043 902 potestatem,
1056 824 1146 886 etiam
1160 841 1228 887 eum
1242 825 1273 888 iu
1289 825 1494 888 multitudiue

305 924 426 1000 residet,
447 941 511 987 nore
531 940 598 986 esse
618 923 653 985 in
674 942 711 986 eo
731 921 969 987 immutabiliter
983 919 1039 1001 (2);
1060 937 1096 985 ae
1117 923 1247 1001 proinde,
1270 931 1441 1002 postquam
1459 922 1489 985 io

305 1023 472 1086 subiectum
494 1022 616 1101 aliquod
644 1019 871 1086 determinatum
894 1021 1034 1084 translata
1054 1030 1107 1101 eet,
1128 1038 1186 1085 uon
1208 1038 1295 1100 posse
1315 1023 1491 1101 ampliusa

304 1124 433 1186 subditis
448 1123 579 1187 revocari
594 1120 645 1202 (3).
661 1120 769 1186 Contra
780 1125 912 1201 poetam
925 1121 1041 1185 sociate
1055 1123 1290 1186 comminiscitur
1304 1139 1489 1200 supremam

303 1229 480 1300 potestatem
495 1221 690 1284 essentialiter
704 1221 833 1284 residere
847 1221 876 1282 in
892 1220 1091 1294 multitudiue,
1105 1219 1145 1281 ita
1161 1228 1195 1281 ut
1208 1221 1247 1283 ab
1261 1220 1312 1284 illa
1332 1221 1490 1285 removeri

304 1325 357 1380 aut
378 1318 497 1381 alienari
519 1326 653 1397 nequeat.

343 1413 423 1494 Ergo
444 1416 576 1480 doctriua
599 1414 728 1479 Suaresii
749 1424 779 1478 et
803 1413 1052 1479 scholasticorum
1079 1423 1193 1478 tantum
1218 1415 1368 1495 discrepat
1388 1421 1488 1495 pacto

302 1513 422 1591 sociali,
444 1522 585 1593 quantum
608 1515 777 1592 discrepant
798 1513 944 1592 quadrata
966 1514 1111 1587 rotundis,
1132 1522 1184 1576 aut
1206 1512 1311 1576 melius
1330 1524 1486 1592 quantum

302 1613 460 1675 affirmatio
482 1629 498 1674 a
521 1614 674 1692 negatione
693 1611 829 1674 dissidet.

342 1705 390 1773 61.
407 1707 526 1776 saristtr
543 1705 772 1777 obieoliorribus.
787 1707 875 1771 Dicet
888 1709 1014 1772 fortasse
1028 1708 1151 1786 aliquis:
1167 1709 1307 1771 Attamen
1321 1706 1440 1772 Suarez
1454 1719 1486 1772 et

303 1807 480 1873 scholastici
502 1810 530 1870 in
553 1807 703 1870 societatis
724 1809 837 1885 origine
857 1808 1029 1886 explicanda
1050 1809 1246 1870 admittebant
1268 1816 1396 1886 pactum.

343 1905 380 1969 R.
402 1903 594 1985 Distirepuo:
610 1904 817 1968 Admittebaut
835 1915 957 1984 pactum
972 1905 1094 1980 sociale,
1116 1907 1195 1982 quod
1210 1907 1306 1984 ipsam
1325 1906 1484 1968 societatis

286 2011 333 2065 -et
347 2004 534 2065 auctoritatis
548 2011 684 2065 naturam
699 2003 847 2077 conderet,
862 2003 1111 2083 quemadmodum
1127 2003 1197 2066 lecit
1210 2003 1366 2075 Rousseau,
1375 2021 1481 2083 nepo·

235 2169 239 2178 ,
305 2100 500 2163 admittebant
515 2108 634 2178 pactum
649 2117 731 2164 mere
742 2099 915 2181 politicum,
929 2101 1007 2180 quod
1023 2102 1190 2163 subiectum
1205 2102 1358 2164 dumtaxat
1369 2109 1482 2164 aucto·

306 2198 403 2260 ritatis
423 2197 641 2271 determinaret,
655 2199 820 2271 autetiam,
842 2198 868 2266 si
883 2199 924 2260 ita
941 2199 1024 2280 libet,
1038 2201 1243 2261 auctoritatem
1263 2200 1321 2260 iam
1334 2214 1353 2258 3
1366 2195 1435 2261 Ileo
1452 2201 1484 2261 vi

306 2302 428 2364 naturae
448 2303 601 2374 acceptam
621 2313 657 2358 ex
680 2312 737 2360 uno
758 2297 891 2360 subiecto
912 2297 941 2358 in
963 2296 1043 2358 aliud
1066 2299 1245 2370 transferret,
1266 2294 1404 2359 concedo.

342 2390 468 2456 Etiamsi
490 2394 731 2472 praescindamus
752 2395 790 2456 ab
812 2395 948 2457 omnibns
969 2395 1116 2474 absurdis,
1138 2411 1214 2473 quae
1234 2392 1387 2458 Rousseau
1404 2412 1484 2458 suae

308 2491 436 2554 theoriae
451 2493 636 2566 commiscet;
661 2508 778 2570 semper
793 2500 891 2554 tameo
912 2500 1044 2556 remanet
1063 2493 1201 2554 immanis
1221 2493 1383 2555 differentia
1398 2492 1485 2557 inter

305 2590 370 2652 eius
391 2598 510 2668 pactum
532 2597 562 2653 et
584 2597 704 2669 pactum
727 2587 987 2653 scholasticorum.
1001 2588 1079 2652 Nam
1102 2598 1222 2667 pactum
1237 2589 1411 2654 Rousseavii
1436 2609 1486 2655 re

303 2688 449 2763 spiciebat
463 2690 673 2751 auctoritatem
688 2689 785 2766 ipsam
803 2690 922 2751 omuino
942 2688 1153 2750 enormandam
1174 2703 1210 2750 ex
1229 2703 1341 2749 summa
1363 2688 1483 2752 iurium

303 2784 494 2862 singulorum,
512 2787 563 2864 qui
586 2793 693 2849 natura
715 2801 769 2848 sua
790 2787 886 2849 forent
901 2801 1047 2864 segreges,
1060 2795 1090 2847 ct
1105 2786 1221 2863 propria
1239 2786 1398 2859 voluntate,
1414 2789 1484 2850 sine

305 2867 364 2942 ul'la
386 2882 568 2947 ordinatione
590 2895 724 2958 naturae,
745 2885 836 2947 immo
858 2892 959 2946 contra
981 2885 1058 2945 hanc
1072 2884 1335 2963 ordinationem,iu
1356 2892 1480 2947 coetum

303 2995 392 3039 uuum
415 2981 534 3041 eoireut.
551 2978 669 3055 Contra,
690 2989 812 3060 paetum
828 2979 1089 3057 Scholastieorum,
1110 2982 1261 3059 supposita
1280 2982 1407 3043 naturali
1424 2983 1482 3046 ho

303 3078 414 3138 minum
438 3079 601 3140 socialitate
623 3087 652 3141 et
673 3080 785 3157 origine
806 3079 962 3158 potestatis
981 3096 997 3140 3
1019 3076 1090 3152 Deo,
1113 3087 1225 3141 tantum
1241 3082 1360 3156 respicit
1379 3081 1482 3143 deter-

304 3174 493 3236 minationem
515 3176 651 3256 subieeti,
674 3178 703 3240 13
724 3194 783 3257 quo
798 3177 846 3239 illa
869 3184 1003 3240 concrete
1024 3178 1176 3256 subsistat,
1191 3193 1295 3255 nempe
1314 3188 1414 3240 utrum
1432 3196 1483 3242 re·

304 3273 422 3335 linenda
443 3273 483 3335 sit
500 3273 529 3335 in
544 3273 732 3339 multitudiue
754 3293 791 3338 an
813 3277 842 3337 in
864 3275 1072 3354 particularem
1088 3291 1239 3353 personam
1257 3275 1302 3339 rel
1317 3275 1480 3356 collegium

224 3457 226 3460 Ι
303 3371 539 3434 transmittenda.
556 3368 653 3443 Quare
675 3381 708 3434 ut
728 3375 843 3437 nomine
863 3375 953 3436 etiam
976 3382 1128 3453 separetur
1147 3391 1164 3434 a
1181 3382 1267 3451 pacto
1286 3372 1481 3446 Rousseavii,

302 3468 445 3548 appellari
468 3470 575 3549 poterit
596 3478 714 3548 pactum
736 3487 793 3535 nou
813 3471 926 3535 sociale
946 3472 998 3534 sed
1014 3470 1186 3551 politicum.

349 3722 383 3782 (l)
401 3741 414 3768 e
427 3721 579 3782 Contingere
595 3728 680 3786 potest
697 3730 724 3770 ut
741 3722 884 3786 respublica
901 3736 946 3784 per
962 3722 1058 3769 iustum
1075 3719 1166 3768 bellum
1183 3719 1354 3769 sublimetur...
1370 3734 1397 3769 et
1412 3727 1477 3769 tuuc

301 3797 355 3860 ipsa
371 3815 498 3850 urrunnun
513 3816 617 3851 naneae
640 3810 666 3851 et
686 3817 852 3852 cousnurrae
874 3801 1031 3850 subiectioui.
1049 3819 1062 3845 s
1080 3801 1119 3848 De
1134 3801 1197 3862 Lep.
1214 3800 1230 3849 l.
1246 3799 1269 3856 3,
1286 3815 1308 3848 3.
1325 3804 1348 3849 l.
1366 3801 1478 3850 Iterum:

305 3880 367 3927 «Ab
384 3881 432 3928 alio
449 3882 558 3930 habente
574 3887 728 3944 potestatem
738 3887 763 3930 et
780 3881 881 3930 titulum
897 3881 993 3929 iustum
1004 3886 1088 3942 potest
1098 3881 1272 3938 (multitudo)
1283 3880 1326 3928 tali
1345 3887 1476 3942 potestate

302 3959 392 4017 privari
410 3966 435 4007 et
451 3961 476 4007 in
494 3960 603 4024 aliquam
622 3976 756 4026 personam
768 3960 808 4008 vel
819 3965 937 4010 senatum
949 3959 1087 4008 transferri.
1099 3978 1113 4004 a
1126 3960 1183 4021 Def.
1196 3960 1282 4013 Fidei,
1294 3959 1311 4007 l.
1320 3959 1343 4008 3.
1355 3974 1376 4008 c.
1386 3960 1411 4016 2,
1421 3967 1437 4017 s
1449 3960 1479 4009 9.

352 4035 387 4108 12)Ι
402 4038 441 4085 De
457 4039 518 4102 Lep.
534 4039 550 4086 l.
565 4038 588 4098 3,
606 4054 626 4088 e.
643 4039 665 4100 3,
683 4046 696 4096 s
712 4041 735 4088 4.

351 4114 384 4176 (3)
402 4118 561 4168 «Translata
583 4127 708 4182 potestate
724 4121 749 4169 in
771 4135 868 4182 regem,
885 4133 931 4181 per
952 4118 1018 4167 illam
1037 4124 1109 4179 (rece)
1128 4119 1235 4169 efficitur
1257 4121 1374 4183 superior
1392 4121 1476 4169 etiam

302 4209 391 4256 regno,
407 4198 474 4258 quod
491 4197 556 4245 illem
575 4199 651 4268 dedit,
667 4201 727 4263 quio
744 4199 827 4266 dando
839 4198 907 4247 illam
924 4214 951 4246 se
962 4198 1069 4247 subiecit
1080 4207 1106 4248 et
1116 4199 1193 4261 priori
1202 4197 1319 4248 libertate
1331 4200 1447 4263 privarit.
1459 4219 1475 4244 »

305 4275 343 4322 De
361 4275 409 4336 lep.
426 4276 441 4323 l.
457 4274 479 4332 3,
497 4292 516 4324 c.
533 4279 557 4335 4,
572 4285 586 4334 s
603 4277 625 4324 6.
