3159 4934
313 279 349 336 88
833 289 975 331 666666

315 423 419 469 verum
440 406 529 470 etiam
550 413 583 467 ut
603 405 733 468 ordinem
755 421 772 466 6
795 406 893 468 diuina
912 405 1055 483 sapientia
1069 405 1216 467 dictatum
1230 412 1309 466 amet
1323 404 1480 467 efficaciter

313 513 396 568 66166
418 520 451 566 66
472 513 559 582 61666
580 520 596 566 6
618 503 723 566 6616616
743 505 860 568 entibus
883 502 1059 565 servandum
1082 501 1163 576 66111,
1186 510 1274 586 prout
1302 499 1478 580 singulorum

313 591 417 665 natura
439 599 559 664 tert-ld
575 591 649 665 'vero
669 608 806 680 respectu
828 607 951 662 naturae
971 599 1122 662 rationalis
1144 606 1173 662 et
1193 587 1303 661 liberae
1322 615 1381 662 nou
1399 599 1480 662 aliter

312 701 388 762 effici
412 685 516 777 potest,
538 699 594 760 nisi
610 699 840 777 praescriptione
854 706 885 760 et
899 698 972 778 lege,
986 714 1044 776 666
1059 698 1171 761 ordinis
1192 698 1283 759 huius
1296 698 1479 760 observantia

313 797 456 860 iubeatur.
473 785 622 874 «11666666,
645 797 738 858 bonus
758 803 788 858 61
809 796 925 874 sapiens
945 798 1124 874 gubernator
1145 803 1275 872 naturas,
1298 811 1370 856 6666
1395 810 1479 857 curae

313 895 496 967 commissas,
518 894 556 957 ad
576 894 708 957 debitum
730 895 818 956 finem
838 894 965 972 dirigere
986 901 1015 955 ct
1037 908 1208 971 promovere
1230 894 1326 955 debet.
1345 891 1479 972 [digitur

313 991 393 1055 Dens
413 999 561 1070 praestat;
579 993 765 1069 potissimum
780 1000 915 1070 respectu
929 990 1068 1065 bominis,
1082 991 1132 1069 661
1145 991 1313 1053 mundanae
1327 990 1478 1053 creationis

312 1100 359 1167 661
379 1106 455 1168 apex
477 1098 506 1152 et
527 1089 782 1167 complementum.
804 1089 847 1151 At
867 1105 936 1152 cnm
956 1090 1046 1152 bomo
1066 1089 1140 1151 liber
1160 1089 1209 1166 sit,
1224 1088 1354 1151 nonalia
1375 1089 1480 1151 ratione

313 1189 342 1250 in
364 1190 452 1250 finem
475 1195 504 1249 et
524 1187 630 1265 media,
652 1203 728 1264 quae
747 1186 818 1249 illuc
838 1187 958 1260 ducant,
978 1187 1096 1249 incitari
1117 1193 1223 1264 potest,
1239 1186 1302 1247 nisi
1322 1185 1396 1263 1636,
1411 1200 1479 1264 6666

313 1285 441 1347 iubendo
462 1295 491 1347 et
512 1285 636 1347 vetando
657 1301 713 1347 nnn
735 1284 858 1362 physice
879 1284 931 1346 sed
953 1283 1102 1346 moraliter
1124 1283 1299 1362 adstringat.
1315 1281 1398 1361 Ergo
1418 1298 1480 1345 con·

314 1393 419 1462 ceptus
440 1384 602 1462 provisoris
627 1385 657 1446 in
685 1383 756 1458 1166,
784 1385 987 1446 exsistentiam
1015 1383 1089 1462 16316
1114 1382 1257 1445 naturalis
1285 1384 1428 1460 importat
1452 1383 1478 1443 in

315 1483 441 1546 homine.
1387 1524 1390 1530 ,

384 1567 520 1644 66611666
543 1581 581 1643 ad
602 1579 779 1643 voluntatem
799 1564 979 1642 6666161616
1000 1577 1320 1657 propriumobiectum
1344 1578 1480 1641 inclinan-

247 1676 249 1685 '
315 1679 383 1740 dam
404 1679 540 1740 sufficere
561 1678 671 1740 iudicia
693 1678 826 1752 rationis,
846 1677 956 1756 quibus
977 1679 1131 1740 honestum
1146 1683 1176 1738 61
1191 1675 1289 1738 debito
1302 1676 1400 1738 ordini
1417 1691 1480 1737 con·

314 1776 432 1838 veniens
453 1793 470 1836 a
492 1775 572 1852 turpi
593 1783 767 1837 straturae
791 1775 938 1838 666166616
959 1775 1171 1853 116116366166;
1191 1774 1262 1852 6616
1283 1789 1360 1852 opus
1389 1775 1428 1835 sit
1451 1778 1479 1834 ut

315 1872 459 1934 eiusmodi
480 1872 587 1933 iudicia
609 1872 732 1934 induant
753 1873 895 1935 rationem
915 1871 1001 1950 16316,
1021 1887 1057 1934 66
1077 1872 1197 1949 proinde
1216 1871 1396 1939 obiiciantur
1410 1878 1478 1932 tam·

316 1983 403 2046 quam
425 1969 506 2030 iussa
528 1968 636 2042 divina,
657 1970 766 2048 pinibus
787 1970 990 2048 obtemperare
1011 1976 1171 2032 teneamur.
1193 1966 1270 2031 Nam
1292 1970 1322 2029 16
1343 1968 1445 2046 primis
1457 1966 1478 2027 si

315 2068 355 2129 116
378 2074 468 2140 66661,
488 2067 564 2129 66116
578 2068 778 2144 providentiae
791 2067 821 2130 in
836 2066 899 2130 Deo
919 2083 976 2130 non
997 2067 1069 2129 66116
1088 2073 1271 2140 6666666166;
1288 2081 1358 2127 cum
1373 2064 1479 2141 concipi
1493 2067 1497 2073 ’

315 2173 441 2243 nequeat
462 2172 561 2228 rectus
575 2175 604 2229 et
618 2167 711 2228 honus
725 2167 912 2244 gubernator,
926 2165 998 2243 6616
1012 2165 1038 2227 16
1054 2165 1142 2226 simul
1157 2163 1341 2240 concipiatur
1363 2162 1437 2226 66116
1454 2168 1479 2222 61

315 2265 417 2326 iubere
437 2279 480 2341 ea,
503 2279 578 2342 6666
599 2264 671 2327 ordo
692 2263 794 2338 dictat,
809 2279 844 2325 ac
859 2263 933 2326 66116
946 2271 976 2324 61
990 2269 1090 2325 661666
1105 2263 1260 2324 contraria.
1276 2258 1393 2323 Deinde
1412 2259 1480 2322 ratio

316 2377 368 2440 per
388 2362 509 2435 iudicia,
530 2362 724 2425 moralitatem
740 2361 865 2424 actionis
880 2368 995 2422 tantum
1009 2361 1179 2437 aperienda,
1193 2374 1250 2422 non
1265 2357 1350 2421 aliud
1367 2360 1479 2434 1666661,

315 2459 371 2521 6161
388 2461 536 2522 obiectum
552 2460 694 2522 voluntati
710 2473 878 2536 proponere.
894 2455 1051 2521 Obiectum
1065 2459 1143 2520 enim
1158 2456 1316 2520 voluntatis
1333 2457 1479 2535 proprium

316 2566 361 2618 661
382 2559 489 2638 bonum
510 2565 541 2620 61
561 2557 681 2635 malum,
702 2571 758 2619 non
781 2557 939 2634 physicum
967 2556 1020 2617 sed
1049 2556 1167 2618 morale.
1189 2555 1231 2617 At
1259 2571 1339 2630 vero,
1363 2562 1396 2617 ut
1416 2554 1479 2629 diri,

316 2669 448 2732 quaeque
468 2654 595 2718 facultas
617 2655 857 2717 determinatione
877 2662 945 2733 eget
965 2654 1045 2716 circa
1059 2654 1208 2716 obiectum
1223 2653 1280 2714 sibi
1295 2653 1479 2731 respondens.

315 2753 396 2831 Ergo
410 2751 547 2815 66166166
567 2761 600 2814 61
621 2754 658 2815 ad
680 2754 788 2816 bonnm
803 2753 860 2814 sibi
875 2751 1026 2830 proprium
1048 2751 1213 2832 inclinetur,
1229 2751 1342 2830 aliquid
1356 2751 1436 2814 alind
1455 2751 1480 2811 in

316 2851 354 2914 iis
369 2850 486 2912 iudiciis
509 2850 640 2928 requirit,
664 2856 778 2927 praeter
800 2849 908 2911 nudam
929 2848 1106 2911 moralitatis
1126 2849 1401 2912 manifestationem.
1422 2845 1480 2910 Η66

317 2955 416 3010 autem
442 2947 522 3010 alind
549 2963 615 3010 esse
641 2963 706 3010 non
724 2954 832 3026 potest,
853 2949 909 3009 nisi
930 2946 1006 3010 ratio
1027 2946 1175 3024 praecepti
1196 2954 1249 3009 661
1270 2945 1479 3024 prohibitionis,

316 3060 392 3124 6666
412 3061 468 3108 666
490 3046 576 3108 modo
597 3045 1159 3120 6611616666161611661666,6661611666
1181 3044 1219 3107 ad
1241 3045 1373 3108 divinam
1389 3044 1481 3108 volun-

317 3152 412 3206 tatem·
430 3151 597 3220 respectum
626 3143 741 3206 babeat.
764 3141 898 3220 Denique
924 3144 955 3205 id
979 3143 1097 3206 omnino
1118 3143 1250 3220 poscitur
1277 3161 1294 3206 6
1323 3143 1482 3206 conditione

317 3242 535 3320 dependentiae,
555 3259 631 3320 6666
653 3251 822 3319 competens
842 3243 882 3304 sit
902 3242 1045 3305 voluntati
1070 3250 1194 3305 creatae.
1216 3239 1295 3304 Nam
1316 3252 1416 3305 creata
1437 3256 1481 3303 ro

316 3341 415 3404 luntas
434 3357 492 3403 non
507 3340 593 3403 modo
608 3340 676 3418 6616
693 3339 845 3402 6611666116
865 3347 920 3417 est,
936 3340 1101 3418 dependens
1114 3350 1187 3403 6616
1204 3356 1344 3418 suprema
1359 3343 1480 3412 ratione;

317 3441 368 3502 sed
389 3440 489 3516 etiam,
510 3439 577 3516 6616
599 3439 691 3500 libera
711 3439 740 3500 in
762 3439 874 3517 agendo
886 3445 941 3514 est,
956 3439 1121 3516 dependens
1136 3449 1180 3501 est
1195 3456 1211 3500 6
1228 3455 1368 3518 suprema
1385 3439 1482 3502 volun·

317 3545 388 3609 tate,
402 3537 542 3598 nimirum
557 3533 620 3597 Dei.
637 3533 715 3614 Ergo
729 3537 753 3597 si
769 3537 899 3612 operatio
919 3537 1113 3600 conditionem
1135 3545 1258 3600 naturae
1279 3539 1363 3616 sequi
1386 3540 1481 3608 debct3

316 3649 350 3696 ea
373 3633 430 3696 erit
450 3634 528 3694 66116
549 3633 691 3695 voluntati
713 3641 917 3709 consentanea,
933 3650 1009 3713 6666
1030 3643 1186 3714 utramque
1200 3636 1423 3714 dependentiam
1443 3636 1481 3697 in-

318 3731 424 3794 volvat.
437 3730 570 3795 lamvero
585 3732 612 3793 si
626 3731 767 3794 iudicium
781 3732 959 3804 voluntatem
971 3734 1111 3812 dirigens,
1123 3733 1319 3797 moralitatem
1331 3735 1479 3797 dumtaxat

317 3832 441 3894 66116616
469 3830 644 3909 ostenderet,
676 3830 747 3908 quin
775 3831 924 3908 praecepti
953 3831 1094 3893 rationem
1123 3833 1298 3906 contineret;
1328 3830 1480 3895 uoluntatis

318 3929 515 4004 operationem
536 3947 553 3992 6
575 3944 714 4008 suprema
736 3929 855 4007 quidem
877 3929 988 3992 ratione
1008 3929 1217 4006 dependentem
1239 3931 1378 4004 efficeret,
1391 3939 1424 3992 61
1436 3930 1480 3990 dc·

319 4025 503 4104 pendentium
532 4043 549 4088 a
571 4027 669 4092 divina
691 4025 842 4090 voluntate
862 4027 904 4089 illi
924 4027 1094 4106 6661166666
1115 4022 1325 4106 impertiretur.
1347 4026 1389 4093 Ut
1408 4027 1479 4090 enim

319 4123 456 4186 voluntas
480 4131 576 4186 creata
605 4134 674 4189 actu
703 4136 755 4188 suo
776 4125 922 4188 eiusmodi
942 4125 1166 4204 dependentium
1188 4129 1371 4205 profiteatur,
1398 4137 1480 4204 63666

318 4224 406 4286 debet
433 4231 584 4301 tamquam
606 4225 739 4288 66166166
761 4227 799 4288 ab
819 4223 964 4286 altissima
985 4224 1034 4287 illa
1055 4223 1206 4288 voluntate
1233 4233 1326 4289 mota:
1353 4224 1480 4288 voluutas
