3159 4934
307 323 342 379 ati
822 337 962 378 arnrcn

302 451 428 513 felicitas
448 451 523 513 inter
534 450 703 513 chimaeras
728 449 829 526 reponi
850 451 929 524 velit,
951 451 980 512 in
1001 451 1154 530 complexu
1170 451 1312 513 bonorum
1326 447 1470 524 omnium,

303 564 380 627 qnae
400 549 438 612 ad
458 547 604 612 bominem
627 549 656 610 in
677 550 734 610 bac
754 549 814 611 vita
836 550 1011 623 referuntur,
1031 565 1088 612 non
1108 548 1252 612 consistit.

343 646 464 725 Insuper
484 647 631 711 obiectum
653 647 803 709 beatitatis
823 646 881 710 tale
901 663 964 711 esse
983 648 1080 726 debet,
1096 654 1128 709 ut
1142 646 1208 709 eius
1222 644 1341 722 adeptio
1353 651 1473 726 statum

304 746 462 809 constituat
484 760 638 831 perennem
659 753 689 807 et
709 745 864 807 mutationi
880 760 936 807 non
950 742 1117 818 obnoxium,
1130 759 1184 806 nec
1197 742 1362 805 molestiam
1376 740 1468 803 ullam

31 855 65 922 q
79 833 225 935 libasti„
237 834 280 948 ᾖ,
303 850 354 904 aut
374 844 466 905 animi
488 841 736 920 perturbationem
757 843 904 905 admittat.
927 840 1020 906 Secus
1041 860 1057 905 a
1080 842 1148 904 linis
1170 840 1267 903 ultimi
1288 840 1399 902 ratione
1419 837 1473 899 de·

41 976 53 1065 ,ι
77 999 83 1008 ,
120 937 155 1040 ’ᾖ
180 1007 184 1016 ,
280 943 417 1014 «noerae
431 940 540 1019 quippe
560 955 629 1004 cum
643 940 823 1003 desiderium
843 950 874 1004 et
887 948 1000 1003 motum
1015 941 1105 1002 animi
1122 939 1237 1017 penitus
1257 953 1315 1000 non
1329 935 1472 1014 expleret.

10 1043 13 1073 ³
71 1037 89 1074 ᾗ
140 1039 176 1087 i*
247 1111 257 1128 ,
304 1039 345 1101 At
368 1053 439 1101 uero
459 1039 497 1100 ab
521 1036 568 1100 bis
593 1037 686 1114 bonis,
711 1048 981 1118 quantamcumque
1008 1054 1108 1101 eorum
1135 1045 1248 1115 partem
1274 1036 1305 1098 in
1329 1037 1387 1097 bac
1407 1034 1471 1095 vita

9 1195 11 1220 2
31 1195 39 1214 ,
60 1161 72 1214 ι,
92 1125 251 1230 „134qu
303 1137 502 1214 acquiramus,
513 1135 694 1213 vicissitudo,
708 1144 816 1222 metus,
828 1137 962 1212 detectio⁴
973 1152 1062 1200 curae
1073 1135 1338 1212 mordeamlaboq
1352 1133 1471 1211 aliaque

90 1292 95 1301 ,
192 1299 195 1304 ,
303 1235 487 1296 incommoda
507 1219 694 1296 excludinon
716 1222 848 1311 possunt.
863 1233 943 1313 Ergo
956 1235 986 1296 in
1001 1235 1077 1312 ipsis
1090 1245 1255 1297 extremum
1276 1234 1418 1295 bonorum
1434 1246 1474 1292 ac

35 1317 199 1418 raison
304 1333 391 1395 linem
413 1331 548 1396 ultimum
570 1333 705 1406 residere,
726 1333 783 1394 nisi
805 1349 913 1406 amens
936 1332 1147 1396 nemodixerit.

45 1401 57 1474 5
343 1428 502 1509 Postremo,
524 1446 560 1492 ne
579 1429 693 1510 longior
713 1432 778 1504 sim,
800 1432 946 1495 obiectum
971 1430 1129 1505 felicitatis,
1151 1447 1219 1493 enm
1245 1431 1408 1492 maximum
1430 1429 1474 1492 sit

304 1533 410 1595 bonum
432 1532 567 1610 bominis,
588 1531 626 1593 ad
645 1532 723 1608 quod
745 1539 842 1594 cetera
867 1532 1046 1606 referuntur3
1062 1531 1207 1594 eiusmodi
1231 1546 1297 1593 esse
1318 1531 1413 1609 debet,
1435 1537 1473 1592 ut

302 1645 450 1708 nunqnam
465 1641 532 1692 cum
547 1629 635 1692 laude
646 1631 791 1692 contemni
804 1631 905 1707 possit,
917 1645 970 1692 nec
984 1632 1047 1692 eins
1058 1629 1172 1693 iactura
1184 1629 1213 1692 in
1225 1629 1473 1708 praestantiorem

303 1728 429 1790 bominis
449 1727 651 1790 excellentiam
673 1728 825 1790 redundet.
840 1729 881 1790 At
903 1744 980 1803 vero,
1002 1729 1028 1790 si
1043 1728 1138 1790 virtus
1155 1734 1269 1790 tantum
1291 1728 1470 1805 excipiatur,

17 1821 88 1892 ‚st
113 1819 277 1914 tssntus
302 1824 471 1903 complexus
499 1827 640 1889 bonorum
670 1829 813 1903 praesenti
835 1827 912 1890 vitae
935 1827 1168 1889 convenientium
1191 1840 1401 1905 saepenumero
1423 1842 1474 1886 sa-

13 1970 18 1985 t
41 1991 43 1999 ,
181 1933 209 1980 κ
304 1927 415 2000 pienter
435 1925 473 1986 ab
493 1925 611 1987 bomine
631 1925 808 2000 despicitur;
830 1939 898 1987 cum
922 1941 967 1987 ex.
989 1941 1033 2003 gr.
1058 1940 1109 2002 pro
1131 1925 1224 2001 patria
1246 1925 1370 1988 caritate
1383 1924 1472 1986 bonis

44 2013 59 2058 ¹¹
75 1997 116 2060 ἡ
153 2001 173 2046 ²³
188 2002 203 2034 “”
302 2022 437 2085 omnibus
459 2021 615 2084 defecturis
638 2037 670 2084 se
688 2021 816 2096 abdicat,
830 2037 876 2095 ac,
890 2021 915 2082 si
928 2038 1002 2100 opus
1018 2023 1067 2095 sit,
1085 2031 1208 2086 mortem
1224 2024 1318 2100 ipsam
1333 2030 1474 2100 oppetere

76 2171 80 2198 ξ
249 2165 280 2214 ts
302 2137 358 2183 non
379 2125 504 2182 recusat.
527 2118 619 2182 immo
633 2119 670 2181 ad
691 2119 749 2182 boc
770 2127 885 2181 tenetur
905 2121 1005 2193 etiam,
1026 2125 1051 2182 si
1074 2122 1148 2183 torte
1168 2121 1324 2199 contigerit
1345 2127 1379 2182 ut
1392 2119 1472 2182 bona

67 2269 74 2308 Ι,
270 2220 426 2300 rquaevis
439 2228 469 2281 et
483 2218 543 2280 vita
558 2218 634 2296 ipsa,
655 2218 717 2280 sine
738 2217 858 2290 scelere,
879 2217 993 2280 servari
1013 2226 1166 2296 nequeant.
1182 2217 1304 2283 Falsum
1317 2226 1364 2282 est
1377 2219 1473 2296 igitur

66 2272 241 2407 'stiffi
301 2320 331 2380 in
352 2319 401 2380 bis
422 2317 514 2390 bonis,
535 2318 622 2378 linem
645 2315 780 2378 ultimum
804 2316 934 2393 reperiri.
1575 2308 1576 2317 ’

241 2406 259 2444 '·
341 2412 389 2478 20.
412 2413 586 2478 Pnorostrro
609 2411 649 2476 4².
664 2411 819 2476 Felicitas
841 2413 984 2476 consistit
1003 2415 1038 2478 io
1058 2413 1135 2478 Deo.

342 2511 426 2586 Prob.
443 2511 507 2576 Nisi
527 2513 653 2575 felicitas
671 2527 778 2574 vanum
792 2527 897 2575 nomen
919 2529 971 2591 per
985 2514 1120 2577 delirium
1139 2514 1198 2577 dici
1212 2514 1295 2587 velit,
1309 2520 1474 2593 auctorque

302 2620 423 2672 naturae
445 2611 528 2672 nobis
549 2610 587 2672 ad
607 2610 789 2673 illudendum
811 2619 841 2672 et
855 2611 918 2673 dire
938 2612 1167 2683 excruciandum
1192 2612 1255 2674 eius
1276 2612 1472 2690 cupiditatem
1574 2650 1575 2661 t

301 2708 456 2781 indidisse;
478 2707 567 2770 altius
587 2710 801 2787 assurgendum
822 2717 877 2786 est,
899 2717 982 2772 extra
1006 2711 1144 2772 terminos
1165 2711 1256 2772 buius
1277 2711 1366 2785 vitae,
1380 2717 1471 2788 alque

294 2808 330 2868 in
344 2821 415 2869 aevo
429 2821 486 2868 non
500 2806 650 2870 defecturo
664 2808 812 2870 obiectum
834 2807 981 2870 lelicitatis
1002 2808 1165 2871 consectari
1187 2816 1312 2886 oportet.
1326 2808 1368 2871 At
1389 2809 1472 2871 obie-
1573 2830 1574 2839 ¹

301 2912 382 2966 ctum
404 2904 461 2967 boc
481 2903 592 2981 aliquid
614 2919 692 2977 esse,
711 2904 790 2983 quod
812 2914 945 2968 creatum
965 2913 996 2966 et
1019 2905 1135 2967 linitum
1157 2906 1205 2980 sit,
1227 2907 1346 2968 minime
1361 2915 1475 2988 potest.
1573 2950 1574 2971 i

301 2999 396 3090 Bona
408 3001 485 3063 enim
512 3000 693 3075 huiusmodi,
722 3003 934 3081 cuiuscumque
965 3001 1141 3065 conditionis
1166 3004 1236 3077 sint,
1256 3003 1419 3066 naturalem
1443 3014 1477 3068 et
1573 2982 1575 3008 ²

301 3101 496 3161 necessariam
511 3098 733 3177 dependentiam
748 3107 778 3162 et
793 3099 924 3163 ordinem
943 3100 1095 3163 involvunt
1116 3101 1154 3163 ad
1177 3102 1334 3178 perfectius
1348 3102 1474 3180 bonum,

300 3211 404 3273 nempe
424 3193 536 3270 Deum;
551 3212 587 3260 ao
601 3196 722 3273 proinde
743 3197 906 3276 cognitione
927 3205 957 3260 et
972 3199 1100 3260 bonitate
1121 3214 1175 3260 sua
1196 3198 1375 3261 desiderium
1389 3202 1477 3262 exci—
1572 3272 1573 3279 ἵ

299 3302 363 3358 taut
384 3294 578 3372 cognoscendi
592 3303 621 3358 et
636 3296 805 3373 possidendi
820 3297 929 3359 bouum
950 3296 1023 3358 illud
1044 3296 1142 3371 altitis,
1162 3313 1199 3360 ex
1219 3311 1278 3375 qno
1299 3298 1424 3376 pendent
1440 3308 1504 3369 et.
1572 3294 1574 3334 ³

300 3393 385 3455 cuius
405 3392 564 3455 bonitatem
580 3393 768 3471 participant.
782 3391 913 3457 Ultimus
934 3394 1026 3472 igitur
1040 3395 1226 3472 appetitionis
1240 3397 1384 3458 terminus
1399 3411 1474 3461 esse

301 3499 454 3569 nequeunt.
469 3489 548 3569 Ergo
570 3499 706 3568 superest
722 3498 754 3552 ut
773 3492 931 3563 obiectum,
945 3491 1025 3568 qnod
1046 3491 1227 3570 quaerimus,
1241 3493 1282 3554 sit
1302 3493 1472 3592 inem-atum

298 3601 328 3651 et
349 3589 507 3678 inlinitum,
529 3590 668 3653 videlicet
690 3588 779 3652 Deus.
1571 3661 1573 3664 y

339 3685 504 3762 Praeterea,
524 3702 598 3766 opus
618 3695 665 3750 est
685 3696 719 3750 ut
739 3687 886 3751 obiectum
908 3686 1058 3750 felicitatis
1083 3686 1210 3768 umumli
1231 3689 1416 3766 propensioni
1441 3692 1476 3753 in
1571 3676 1573 3681 ’

299 3785 407 3847 bouum
433 3785 516 3877 ple-„ne
536 3785 719 3878 respondeat.
742 3782 796 3848 Illa
816 3792 916 3847 autem
937 3784 1080 3865 naturalis
1107 3787 1260 3862 pmpensio
1272 3760 1476 3851 xrb‘en‘ttt'eo·

299 3883 469 3960 gnoscitivq
485 3883 679 3961 cognitionem
693 3883 787 3959 ipsam
810 3897 863 3959 pro
884 3897 1021 3945 mensura
1036 3882 1127 3944 babet
1147 3897 1315 3972 aepporma.
1331 3881 1477 3962 Cognitio

300 3986 398 4040 autem
420 3978 547 4041 bumana
569 3979 676 4041 bonum
697 3979 819 4056 respicit
837 3979 993 4042 inlinitum.
1015 3979 1064 4041 Ad
1079 3981 1135 4042 boc
1154 3971 1397 4059 igitur'bominis
1417 3981 1477 4044 de-

301 4075 442 4136 siderium
469 4084 575 4146 natura
600 4093 653 4138 sua
679 4077 783 4150 iertur;
805 4093 841 4139 ae
864 4077 983 4154 proinde
1007 4077 1036 4138 in
1061 4073 1149 4139 nullo
1163 4084 1262 4140 creato
1283 4079 1369 4152 bono,
1388 4082 1478 4157 quod

300 4181 380 4234 certe
403 4173 519 4233 finitum
545 4179 599 4245 est,
623 4174 828 4251 conquiescere
850 4183 955 4251 potest.
977 4174 1070 4252 Atqui
1092 4175 1200 4236 mnam
1221 4173 1367 4237 inlinitum
1390 4179 1479 4253 quod

300 4284 404 4346 nempe
419 4269 506 4330 nullis
522 4268 665 4331 limitibus
681 4270 952 4344 circumscribatur,
966 4271 1048 4333 aliud
1063 4271 1193 4348 proiecto
1211 4271 1323 4334 nullum
1337 4280 1395 4347 est,
1410 4275 1478 4338 uisi
