3159 4934
293 311 346 368 280
613 323 657 367 rus
674 323 801 368 aarum
818 323 909 368 -nans
927 321 952 364 u.
970 323 1011 366 urs
1029 319 1138 365 socrate

294 437 446 524 seipsum),
468 437 519 498 sed
539 437 634 516 quoad
657 442 718 500 rim
739 435 921 499 direntiuam.
938 433 1013 498 Cum
1027 434 1103 496 enim
1117 433 1201 510 ipsae
1213 432 1306 495 etiam
1318 431 1470 501 actiones.

292 549 367 613 quas
378 534 528 614 legislator
538 543 655 598 exercet
669 550 725 597 unu
741 542 828 612 prout
849 534 916 598 talis
929 539 992 606 est·
999 547 1101 610 nempe
1116 540 1150 593 ut
1162 530 1236 610 legis
1250 529 1399 603 conditor,
1415 527 1469 590 sed

293 640 379 710 prout
394 633 507 710 privata
522 641 636 696 tantum
652 647 775 710 persona
789 641 846 709 est,
860 632 898 694 ad
912 632 1019 694 bonurn
1034 645 1188 693 commune
1201 627 1375 691 referendae
1389 626 1467 699 sint;

288 729 393 793 iisdem
416 731 526 793 normis
541 739 683 810 regantur
703 737 830 808 oportet,
849 745 926 807 quae
940 731 1101 808 generatim
1116 744 1170 808 pro
1187 727 1328 791 omnibns
1343 727 1469 791 civibus

290 829 488 906 praescriptae
509 837 586 892 mot.
602 826 794 891 Potissimum
815 830 847 891 id
868 828 965 892 locum
980 829 1070 891 lrabet
1089 843 1157 890 curn
1177 828 1277 906 agitur
1291 826 1330 890 de
1344 832 1469 889 conua-

287 925 385 988 ofilius
405 926 530 1004 aliisque
552 926 651 1000 rebus,
674 941 750 1004 quae
773 926 811 988 ad
831 934 945 990 ceteros
966 925 1138 989 relationem
1160 923 1271 987 habent
1285 921 1339 1002 (l).

328 1021 450 1097 Quarto,
474 1024 511 1085 ad
532 1023 630 1102 legum
655 1024 800 1086 iustitiam
829 1024 988 1102 requiritur
1015 1021 1189 1102 aequalitas,
1214 1037 1266 1084 seu
1294 1028 1330 1082 ut
1359 1036 1467 1084 omnes

288 1118 450 1198 aequaliter
470 1119 517 1184 lex
539 1121 687 1198 respiciat.
710 1121 752 1185 At
773 1136 830 1183 nnn
851 1121 1011 1184 secundum
1036 1118 1241 1198 aequalitatem
1264 1118 1468 1190 materialem.

288 1217 339 1280 sed
361 1217 533 1280 iuridicam:
553 1227 699 1296 quatenus
720 1233 824 1296 nempe
849 1217 1011 1296 aequaliter
1031 1217 1127 1280 omnia
1147 1217 1223 1289 iura,
1236 1216 1309 1279 lioet
1330 1215 1467 1288 diversa,

288 1315 500 1395 cuiuscumque
514 1317 657 1392 sinteino
673 1315 733 1378 ulla
747 1316 917 1395 exceptione
931 1315 1045 1378 sanciat
1059 1322 1089 1377 et
1103 1321 1231 1389 tueatur;
1248 1330 1338 1376 secus
1352 1329 1467 1392 aequa·

288 1413 360 1476 litas
373 1415 481 1478 civium
497 1424 563 1477 ante
582 1415 677 1494 legem
698 1414 790 1478 futilis
810 1424 890 1478 esset
910 1422 940 1477 et
954 1430 1011 1477 vox
1024 1413 1087 1475 sine
1100 1428 1195 1474 sensu.
1212 1410 1279 1474 Non
1294 1413 1378 1474 enim
1394 1428 1465 1475 vera

288 1511 397 1574 oinium
419 1513 483 1575 iura
500 1523 641 1590 servaret,
661 1528 738 1591 quae
759 1515 822 1575 sine
842 1512 999 1575 manifesta
1020 1511 1175 1574 violatione
1195 1509 1329 1572 institiae
1342 1510 1384 1571 ad
1399 1525 1466 1572 ma·

188 1641 194 1656 ·
289 1610 418 1673 ferialem
439 1611 647 1691 aequalitatem
662 1611 769 1674 adduci
785 1618 938 1689 nequeunt.
961 1607 1041 1672 Vera
1054 1608 1146 1687 igitur
1166 1607 1334 1685 aequalitas
1349 1608 1464 1670 civium

288 1716 422 1786 respecto
443 1708 516 1787 legis
532 1710 561 1771 in
584 1711 640 1772 hoc
661 1709 717 1772 sita
732 1715 786 1786 est,
808 1717 842 1770 ut
861 1709 926 1770 iura
946 1707 1078 1786 aequalia
1098 1705 1270 1785 aequaliter,
1291 1704 1463 1783 inaequalia

287 1806 480 1885 inaequaliter
502 1814 673 1870 tractentur.

326 1902 391 1973 Hae
419 1906 593 1983 praecipuae
621 1914 690 1967 sunt
717 1905 816 1984 legum
846 1905 1051 1982 proprietates¹
1078 1919 1153 1981 quae
1184 1903 1269 1980 quasi
1297 1901 1457 1964 essentiam

286 2002 455 2064 earumdem
478 2003 633 2081 attingunt.
650 1999 770 2065 Praeter
786 2004 842 2064 has
857 2002 932 2064 aliae
946 2002 1036 2063 etiam
1051 2000 1252 2079 requiruntur:
1268 1999 1400 2061 nimirum
1417 2008 1457 2061 nt

288 2101 346 2161 sint
367 2099 481 2174 clarae,
495 2109 639 2178 quatenus
660 2103 697 2163 ab
718 2101 856 2164 omnibus
870 2099 994 2179 intelligi
1009 2100 1122 2177 possint
1135 2114 1189 2161 nec
1203 2100 1233 2160 iu
1247 2097 1343 2159 falsam
1356 2095 1464 2158 inter·

287 2196 479 2275 pretationem
495 2198 588 2271 trahi3
603 2199 731 2277 itemque
746 2207 779 2260 ut
795 2198 854 2261 sint
869 2198 1013 2274 modicae,
1031 2215 1066 2260 ne
1080 2197 1270 2260 multitudine
1284 2203 1312 2259 et
1324 2196 1465 2288 pondere
1566 2230 1567 2239 κ

287 2295 367 2358 cives
387 2297 570 2374 opprimant;
593 2305 625 2358 nt
646 2298 705 2359 sint
726 2300 916 2371 constantes,
937 2298 980 2359 sic
999 2299 1077 2358 enim
1099 2297 1275 2373 antiquitate
1290 2296 1352 2373 ipsa
1367 2310 1468 2358 vene·

286 2395 430 2456 rationem
459 2394 516 2456 sibi
536 2394 711 2468 conciliant;
735 2404 767 2456 ut
789 2396 848 2457 sint
873 2394 1017 2473 scriptae,
1040 2410 1076 2456 ne
1099 2393 1253 2456 fraudibus
1276 2401 1307 2455 et
1329 2391 1466 2455 arbitrio
1568 2434 1569 2437 =

287 2492 515 2570 magistratuum
530 2491 615 2554 detur
629 2491 723 2565 locus,
743 2493 795 2555 sed
819 2492 917 2554 stabili
939 2491 1115 2554 certitudine
1128 2492 1328 2569 perfruantur3
1350 2499 1386 2550 ut
1409 2490 1468 2552 de·

286 2591 374 2667 nique
395 2589 455 2651 sint
476 2589 696 2663 advenientes,
712 2605 763 2653 seu
779 2590 893 2652 viribus
912 2598 942 2652 et
963 2590 1120 2652 conditioni
1143 2587 1316 2667 populorum
1338 2603 1467 2651 accom-

287 2686 429 2748 modatae.
445 2683 526 2757 Quae
540 2687 617 2748 enim
638 2685 718 2766 leges
735 2687 848 2749 rudiori
868 2686 977 2764 populo
998 2693 1177 2764 competunt,
1195 2687 1253 2748 hae
1269 2686 1390 2748 minime
1406 2700 1467 2765 op

287 2790 428 2860 portunae
443 2793 510 2845 sunt
525 2785 613 2862 genti,
628 2794 704 2863 quae
718 2784 822 2847 maiori
838 2785 1012 2862 perfectione
1027 2785 1153 2862 gaudeat
1169 2780 1219 2863 (i).

325 2874 374 2941 86.
397 2877 558 2946 Praesidio
573 2878 796 2966 conquirentia.
812 2879 1021 2960 Quaecumque
1042 2882 1082 2944 sit
1101 2882 1195 2943 forma
1217 2881 1376 2960 regiminis,
1394 2882 1466 2944 sive

286 2977 475 3040 monarchica
496 2980 558 3040 sive
584 2978 783 3058 polyarchica
805 2987 938 3057 potestas
965 2978 1131 3057 legislativa
1152 2979 1258 3040 mediis
1278 2978 1393 3040 idoneis
1418 2980 1469 3041 in·

287 3073 362 3136 strui
382 3074 479 3147 debet,
501 3083 532 3137 ut
553 3075 609 3138 rite
629 3092 683 3139 sno
705 3090 825 3139 munere
847 3077 1046 3154 perfungatur.
1064 3073 1102 3137 Et
1119 3075 1149 3137 in
1164 3076 1277 3153 primis,
1293 3091 1360 3136 cum
1374 3075 1468 3153 leges

285 3171 511 3234 necessitalibus
531 3173 704 3251 populorum
720 3174 895 3252 respondere
917 3173 1050 3246 debeant,
1071 3174 1233 3251 requiritur
1257 3187 1327 3235 sane
1349 3180 1381 3235 ut
1401 3175 1468 3238 hae

284 3270 445 3352 legislatori
466 3272 655 3335 innotescant.
670 3272 856 3353 Quapropter
870 3274 922 3335 tali
937 3275 1106 3352 organismo
1126 3272 1296 3352 legislatira
1312 3281 1470 3352 potestas,

284 3369 383 3448 quoad
409 3369 595 3443 exercitium,
622 3371 791 3433 instruenda
817 3369 927 3450 est,'nt
952 3372 1057 3432 harum
1082 3372 1296 3434 necessitatum
1320 3371 1469 3436 notitiam

286 3468 407 3541 claram,
427 3467 598 3530 distinctam
613 3475 643 3530 et
663 3467 725 3530 sinc
740 3468 881 3530 falsitatis
895 3468 1076 3530 admixtione
1091 3478 1265 3545 comparare
1279 3469 1335 3531 sibi
1352 3471 1467 3546 possit

286 3552 429 3636 Quoniam
451 3581 520 3628 vern
548 3566 683 3644 proprias
711 3565 887 3644 indigentias
913 3582 999 3629 nemo
1020 3565 1125 3627 molins
1153 3562 1256 3633 noscit.
1282 3581 1383 3645 quam,
1405 3570 1468 3647 qui

288 3655 407 3747 patiiur‚
428 3671 531 3740 patens
553 3662 658 3741 populo
675 3663 721 3726 via
736 3679 802 3725 esse
822 3663 992 3742 debetque
1013 3680 1064 3725 eas
1084 3663 1246 3741 legislatori
1267 3664 1470 3730 manifestare

287 3749 397 3836 possit;
419 3763 556 3840 quamvis
576 3761 717 3824 iudicium
739 3761 818 3822 circa
841 3761 993 3823 medialis
1015 3760 1189 3839 repellendis
1209 3770 1386 3840 opportuna,
1401 3779 1468 3828 non

287 3857 403 3933 populo,
424 3859 474 3920 sed
496 3858 567 3921 viris
588 3858 781 3935 prudentibus
796 3867 826 3920 et
846 3859 975 3920 cordatis
995 3865 1153 3936 competat.
1169 3856 1251 3921 Talis
1265 3859 1357 3937 igitur
1381 3868 1470 3922 stru-

285 3961 373 4015 ctura
394 3955 547 4033 potestatis
572 3954 754 4034 legislativac
780 3955 984 4020 constituenda
1013 3964 1069 4028 est,
1091 3965 1133 4034 ut,
1162 3957 1327 4034 perspectis
1355 3960 1468 4036 populi

335 4176 369 4236 (1)
388 4177 450 4226 Vide
466 4179 493 4229 S.
504 4180 619 4229 Tarouanna
636 4182 751 4230 Summa
769 4182 805 4230 tlt.
822 4180 911 4239 1⁸2¹0,
927 4195 950 4244 q.
966 4180 1051 4238 XCVI.
1072 4198 1094 4232 e
1111 4183 1134 4232 5.

335 4251 370 4313 (2)
387 4253 450 4304 Vide
467 4256 491 4306 S.
504 4258 619 4308 Tnnunsr
636 4260 749 4308 Summa
766 4261 804 4309 tlt.
821 4260 848 4308 1·
863 4259 912 4319 2²⁶,
928 4275 951 4323 q.
968 4260 1053 4319 XCVI,
1069 4279 1091 4311 n.
1109 4261 1125 4310 2
1142 4270 1167 4312 et
1182 4263 1207 4312 3.
