3159 4934
307 327 361 381 ata
630 339 672 382 rus
690 338 815 380 ιιιιιιιιιι
832 355 841 364 -
860 337 930 379 rans
946 337 973 378 ιι.
992 335 1034 378 rus
1051 335 1159 378 ιοιιιιιι

307 456 511 534 committitur,
526 471 562 517 ex
578 455 770 518 determinata
783 453 896 516 iamilia
910 460 992 516 certo
1006 452 1107 515 ordine
1121 452 1292 530 designatae
1306 451 1377 524 sint,
1392 458 1494 528 atque

308 554 383 618 aliae
397 553 463 617 aliis
478 556 537 616 vita
551 553 661 616 iunctis
674 552 842 614 succedant
854 549 1031 639 Innumerae·
1040 553 1098 614 hac
1111 550 1141 612 in
1156 565 1188 612 re
1201 551 1344 612 exsistere
1356 558 1494 628 possunt

309 652 476 726 varietates,
487 667 562 729 qnae
575 665 612 714 cx
626 651 812 714 diversorum
827 649 1001 728 populorum
1015 647 1136 711 statutis
1150 647 1289 726 pendent;
1301 663 1338 710 ac
1350 647 1493 725 proinde,

309 765 377 812 cum
398 767 415 812 a
437 748 585 814 voluntate
605 748 697 810 libera
717 731 951 824 pronciscautir,
966 749 1014 808 ins
1033 755 1157 812 naturae
1178 745 1492 825 praetergrediuntur.

309 845 354 912 De
374 847 422 908 his
443 847 535 926 igitur
548 846 693 910 disserere
707 847 743 908 ad
764 862 818 908 nos
837 862 894 907 non
916 845 1055 923 pertinet;
1069 846 1121 907 sed
1135 845 1192 907 tria
1212 845 1372 907 dumtaxat
1394 845 1493 908 adno-

310 944 449 1022 tabimns
469 959 546 1022 quae
567 943 718 1021 principiis
738 942 923 1007 naturalibus
943 951 1012 1006 suut
1033 944 1129 1021 magis
1149 943 1258 1006 affinia.

351 1041 482 1106 Primum
498 1048 553 1117 est,
568 1058 624 1104 non
645 1057 731 1132 posse
746 1057 798 1120 pro
813 1041 925 1103 libito'
917 1041 1013 1118 ipsius
1026 1041 1201 1129 imperantis
1222 1042 1332 1104 mutari
1346 1041 1489 1104 ordinem

311 1141 519 1231 successionis,
540 1140 565 1200 si
590 1140 668 1219 leges
685 1139 1168 1231 fundamentalngnraliqnid
1192 1139 1281 1201 hac
1273 1155 1304 1200 ιιι
1329 1153 1361 1200 re
1389 1139 1492 1200 deter-

311 1239 431 1301 minent
400 1202 531 1300 Nam
555 1211 804 1316 leges‘eiusmodi
835 1237 1051 1300 conditionibus
1079 1238 1258 1317 quibusdam
1291 1238 1490 1316 adstringunt

311 1336 483 1400 exercitium
505 1351 658 1414 supremae
681 1336 843 1412 potestatis,
863 1344 893 1398 et
913 1321 1078 1398 subiectum
1104 1337 1247 1399 definiunt
1267 1337 1306 1398 ad
1330 1336 1416 1414 quod
1440 1336 1490 1397 illa

312 1435 456 1512 pertinere
470 1434 583 1496 debeat.
595 1431 628 1496 lu
643 1435 701 1496 hoc
714 1448 785 1495 casn
808 1432 907 1511 populi
927 1449 1087 1497 consensus
1106 1435 1230 1497 accedat
1251 1451 1373 1497 necesse
1388 1444 1450 1498 est

353 1531 495 1608 Secundo,
516 1532 569 1594 etsi
593 1530 926 1609 ratioui'cougrneutius
947 1533 986 1594 sit
1007 1540 1041 1594 ut
1055 1547 1153 1596 mares
1167 1533 1323 1595 dumtaxat
1337 1534 1409 1596 iure
1423 1550 1492 1594 suc-

312 1631 450 1693 cessionis
470 1628 768 1710 offlttrmexcldsis
788 1629 911 1707 leminis,
932 1647 1007 1708 quae
1028 1637 1108 1692 certe
1128 1631 1225 1692 minus
1245 1638 1333 1708 aptae
1354 1639 1431 1693 suut
1451 1631 1489 1692 ad

314 1737 412 1805 partes
426 1726 590 1804 implendas
604 1727 730 1803 imperii,
746 1735 776 1788 et
797 1727 930 1789 maribus
944 1727 974 1789 vi
987 1736 1110 1790 naturae
1123 1728 1308 1802 subduntur;
1324 1736 1427 1790 tamen
1443 1729 1492 1788 ius

313 1835 435 1888 naturae
455 1842 512 1888 non
534 1825 679 1902 prohibet,
697 1825 855 1903 quominus
875 1825 998 1888 feminae
1018 1827 1107 1889 etiam
1128 1841 1243 1887 summa
1265 1833 1413 1902 potestate
1435 1841 1490 1902 po·

315 1925 434 1987 tiantur.
450 1921 529 1985 Nam
553 1938 673 2000 persona
696 1922 823 2000 publica,
840 1930 926 2000 prout
948 1923 1063 2001 publica
1078 1931 1166 1996 esta
1187 1940 1261 1986 sexu
1276 1923 1431 1999 abstrahit,
1455 1931 1487 1983 et

316 2029 429 2084 tantum
453 2022 647 2098 capacitatem
668 2021 786 2099 regendi
810 2021 1026 2084 multitudinem
1051 2021 1184 2100 requirit.
1205 2018 1288 2083 Haec
1310 2029 1401 2081 numm
1430 2035 1489 2080 ca·

315 2121 429 2200 pacitas
444 2119 473 2180 in
488 2128 553 2182 ente
565 2121 676 2182 ratione
691 2119 824 2198 praedito
838 2120 929 2192 ines13
950 2120 1013 2182 sive
1028 2135 1092 2181 mas
1106 2118 1157 2190 sit,
1171 2119 1234 2181 sire
1253 2119 1365 2179 lentina.
1377 2114 1488 2180 Potis-

315 2221 422 2282 simum
443 2232 513 2282 vero
533 2217 677 2280 eiusmodi
699 2218 847 2280 successio
875 2216 1047 2279 feminarum
1069 2215 1275 2279 inconveniens
1295 2215 1353 2276 dici
1372 2215 1488 2292 nequit

314 2317 344 2380 in
365 2317 403 2378 iis
416 2317 598 2395 gubernandi
612 2315 722 2391 formis
736 2316 766 2377 in
780 2316 890 2394 quibus
905 2329 1044 2391 suprema
1059 2321 1187 2391 potestas
1201 2328 1259 2374 non
1273 2312 1389 2390 proprie
1406 2313 1490 2389 apud

315 2415 476 2495 principem
499 2415 616 2487 residet,
631 2414 682 2476 sed
699 2413 779 2491 apud
801 2413 919 2476 comitia
940 2412 1086 2490 quaedam
1101 2410 1247 2490 generalia
1269 2418 1299 2472 et
1313 2410 1492 2473 adiumento

317 2514 444 2592 plurium
466 2521 627 2576 exercetur.

356 2611 454 2676 Tertia
482 2611 647 2674 observatio
674 2611 723 2688 sit,
752 2608 871 2672 modum
899 2608 1115 2670 transmittendi
1146 2615 1322 2685 potestatem
1353 2623 1408 2684 per
1442 2608 1491 2669 ius

316 2709 556 2786 haereditarium
578 2707 662 2770 valde
683 2715 907 2770 consentaneum
928 2720 994 2767 esse
1014 2707 1089 2768 bono
1109 2705 1209 2768 sociali
1231 2707 1269 2768 ob
1290 2698 1489 2781 multiplicem

281 2849 284 2854 -
318 2810 468 2870 rationem.
484 2806 561 2870 Nam
580 2804 861 2869 maiorrstanilitate
882 2803 1086 2867 anctoritatem
1108 2804 1257 2876 obfirmat
1271 2802 1347 2864 ad
1322 2819 1387 2864 erus
1402 2818 1491 2865 exer-

317 2905 420 2969 citium
437 2885 679 2982 tantopereW
600 2909 683 2967 necel
685 2904 777 2977 saria;
794 2902 907 2964 aditum
924 2901 1040 2983 puraecl
1043 2901 1086 2963 dit
1107 2899 1286 2964 tumultibus
1300 2917 1337 2964 ac
1354 2902 1488 2979 partium

317 3002 432 3075 studiis,
452 3018 527 3080 quae
554 3003 722 3065 societatem
750 3001 788 3062 ad
817 3009 978 3063 extremam
1006 2991 1164 3079 perniciem
1196 3000 1343 3063 adducere
1372 3000 1491 3072 soleut;

317 3100 450 3168 altiorem
472 3100 663 3162 reverentiam
686 3098 812 3178 principi
826 3097 972 3172 conciliat
987 3106 1105 3176 propter
1121 3097 1231 3160 avitam
1253 3098 1440 3165 nobilitatem
1463 3108 1493 3162 et

317 3198 470 3276 sanguinis
498 3185 695 3275 splendorem
718 3205 797 3259 tum
810 3198 875 3259 eins
782 3197 1103 3290 educationem
1131 3196 1345 3260 accuratiorem
1379 3198 1491 3277 reddit,

280 3315 291 3336 ·
317 3299 475 3376 ipsumque
501 3295 706 3358 animosiorem
727 3311 762 3358 ac
786 3294 1002 3374 diligentiorem
1021 3294 1117 3373 quoad
1145 3292 1287 3357 socialem
1315 3294 1492 3358 felicitatem

320 3394 545 3474 procurandam,
577 3408 644 3455 cum
670 3393 728 3453 sihi
755 3401 784 3456 et
812 3390 948 3471 propriae
975 3392 1103 3455 familiae
1127 3398 1268 3470 perpetuo
1299 3394 1493 3455 coniunctam

318 3490 530 3571 rempublicam
552 3497 736 3555 contueatur.

360 3589 408 3656 76.
433 3590 474 3658 de
494 3585 698 3657 successione
720 3604 777 3673 per
798 3586 993 3657 electionem.
1015 3587 1101 3662 Quod
1121 3589 1147 3650 si
1167 3587 1218 3650 hic
1243 3602 1308 3650 mos
1337 3590 1494 3651 transmit-

318 3689 398 3752 tendi
419 3695 594 3766 potestatem
615 3687 680 3771 inre
701 3685 898 3749 haereditario
918 3686 1028 3750 alicubi
1049 3701 1105 3748 nou
1127 3685 1235 3763 vigeat,
1257 3693 1328 3746 tnnc
1348 3684 1491 3748 electione

319 3801 393 3863 opus
406 3794 459 3848 est.
475 3783 556 3848 Haec
569 3794 668 3847 autem
684 3784 811 3847 habetur
824 3799 903 3856 cnm,
918 3784 1049 3860 principe
1064 3783 1124 3844 vita
1139 3784 1249 3855 iuncto,
1264 3782 1419 3860 primores,
1435 3790 1488 3844 aut

321 3883 455 3960 populns,
476 3891 529 3947 ant
551 3898 619 3961 pars
640 3880 751 3960 populi,
764 3883 813 3943 cui
827 3881 1019 3944 commissum
1041 3881 1080 3942 sit
1094 3880 1281 3960 suffragium,
1295 3888 1408 3942 certam
1425 3896 1490 3958 pcr-

323 3995 423 4042 sonam
444 3982 609 4058 designant,
630 3995 719 4058 qnam
741 3964 948 4058 gubernandae
968 3979 1148 4058 reipublicae
1167 3978 1303 4042 idoneam
1326 3985 1439 4056 putent,
1461 3987 1492 4040 et

322 4092 407 4156 quae,
429 4079 627 4155 acceptatione
648 4085 778 4156 peracta,
800 4092 918 4140 summo
937 4076 1060 4154 imperio
1085 4077 1230 4140 instructa
1258 4084 1402 4139 censetur.
1426 4073 1493 4138 Hac

322 4174 353 4235 in
374 4189 406 4236 re
426 4189 481 4236 non
503 4175 583 4237 alind
604 4175 759 4238 dicendum
784 4175 924 4249 occurrit,
945 4174 1001 4237 nisi
1029 4174 1189 4252 pessimam
1214 4189 1282 4237 esse
1308 4173 1493 4247 electionem,

322 4286 400 4350 qnae
422 4271 514 4350 plebis
536 4279 650 4335 tautum
673 4273 781 4336 indicio
803 4273 1006 4361 committitur.
1026 4270 1115 4346 Nam,
1135 4272 1173 4334 ad
1195 4273 1286 4336 bonos
1306 4271 1492 4349 scientesque
