<?xml version="1.0" encoding="UTF-8"?>
<!DOCTYPE html PUBLIC "-//W3C//DTD XHTML 1.0 Transitional//EN"
    "http://www.w3.org/TR/xhtml1/DTD/xhtml1-transitional.dtd">
<html xmlns="http://www.w3.org/1999/xhtml" xml:lang="en" lang="en">
 <head>
  <title>
</title>
<meta http-equiv="Content-Type" content="text/html;charset=utf-8" />
  <meta name='ocr-system' content='tesseract 3.04.00' />
  <meta name='ocr-capabilities' content='ocr_page ocr_carea ocr_par ocr_line ocrx_word'/>
</head>
<body>
  <div class='ocr_page' id='page_1' title='image "./institutioneset00libegoog_0303.png"; bbox 0 0 3159 4934; ppageno 0'>
   <div class='ocr_carea' id='block_1_1' title="bbox 302 299 1159 367">
    <p class='ocr_par' dir='ltr' id='par_1_1' title="bbox 302 299 1159 367">
     <span class='ocr_line' id='line_1_1' title="bbox 302 299 1159 367; baseline 0.006 -11"><span class='ocrx_word' id='word_1_1' title='bbox 302 299 357 358; x_wconf 75' lang='lat'><strong>298</strong></span> <span class='ocrx_word' id='word_1_2' title='bbox 625 320 667 365; x_wconf 89' lang='lat' dir='ltr'><strong>tus</strong></span> <span class='ocrx_word' id='word_1_3' title='bbox 685 324 810 366; x_wconf 79' lang='lat' dir='ltr'><strong>urrunnu</strong></span> <span class='ocrx_word' id='word_1_4' title='bbox 829 342 839 351; x_wconf 93' lang='lat'>-</span> <span class='ocrx_word' id='word_1_5' title='bbox 858 322 925 365; x_wconf 77' lang='lat' dir='ltr'><strong>nans</strong></span> <span class='ocrx_word' id='word_1_6' title='bbox 943 321 970 364; x_wconf 92' lang='lat' dir='ltr'><strong>u.</strong></span> <span class='ocrx_word' id='word_1_7' title='bbox 991 321 1032 367; x_wconf 86' lang='lat' dir='ltr'><strong>nus</strong></span> <span class='ocrx_word' id='word_1_8' title='bbox 1050 319 1159 363; x_wconf 82' lang='lat' dir='ltr'><strong>soctntu</strong></span> 
     </span>
    </p>
   </div>
   <div class='ocr_carea' id='block_1_2' title="bbox 301 431 1565 2276">
    <p class='ocr_par' dir='ltr' id='par_1_2' title="bbox 301 431 1565 2079">
     <span class='ocr_line' id='line_1_2' title="bbox 302 431 1483 516; baseline -0.001 -22"><span class='ocrx_word' id='word_1_9' title='bbox 302 431 360 494; x_wconf 93' lang='lat' dir='ltr'><strong>bet.</strong></span> <span class='ocrx_word' id='word_1_10' title='bbox 374 431 456 497; x_wconf 89' lang='lat' dir='ltr'><strong>Unus</strong></span> <span class='ocrx_word' id='word_1_11' title='bbox 479 443 525 498; x_wconf 89' lang='lat' dir='ltr'><strong>est</strong></span> <span class='ocrx_word' id='word_1_12' title='bbox 548 452 649 499; x_wconf 89' lang='lat' dir='ltr'><strong>eorum</strong></span> <span class='ocrx_word' id='word_1_13' title='bbox 669 437 730 516; x_wconf 87' lang='lat' dir='ltr'><strong>qui,</strong></span> <span class='ocrx_word' id='word_1_14' title='bbox 752 437 858 515; x_wconf 91' lang='lat' dir='ltr'><strong>puerili</strong></span> <span class='ocrx_word' id='word_1_15' title='bbox 878 438 964 501; x_wconf 92' lang='lat' dir='ltr'><strong>modo</strong></span> <span class='ocrx_word' id='word_1_16' title='bbox 985 438 1065 499; x_wconf 91' lang='lat' dir='ltr'><strong>hunc</strong></span> <span class='ocrx_word' id='word_1_17' title='bbox 1085 449 1217 498; x_wconf 89' lang='lat' dir='ltr'><strong>amorem</strong></span> <span class='ocrx_word' id='word_1_18' title='bbox 1239 433 1483 511; x_wconf 76' lang='lat' dir='ltr'><strong>interpretantes,</strong></span> 
     </span>
     <span class='ocr_line' id='line_1_3' title="bbox 301 530 1485 613; baseline -0.002 -20"><span class='ocrx_word' id='word_1_19' title='bbox 301 545 336 593; x_wconf 94' lang='lat' dir='ltr'><strong>eo</strong></span> <span class='ocrx_word' id='word_1_20' title='bbox 349 530 547 609; x_wconf 90' lang='lat' dir='ltr'><strong>abducuntur,</strong></span> <span class='ocrx_word' id='word_1_21' title='bbox 562 543 594 597; x_wconf 90' lang='lat' dir='ltr'><strong>ut</strong></span> <span class='ocrx_word' id='word_1_22' title='bbox 608 542 716 597; x_wconf 88' lang='lat' dir='ltr'><strong>termm</strong></span> <span class='ocrx_word' id='word_1_23' title='bbox 734 534 860 597; x_wconf 79' lang='lat' dir='ltr'><strong>namlem</strong></span> <span class='ocrx_word' id='word_1_24' title='bbox 882 548 1107 613; x_wconf 83' lang='lat' dir='ltr'><strong>quaquaversus</strong></span> <span class='ocrx_word' id='word_1_25' title='bbox 1128 532 1317 611; x_wconf 80' lang='lat' dir='ltr'>exaggeratis</span> <span class='ocrx_word' id='word_1_26' title='bbox 1338 530 1485 593; x_wconf 84' lang='lat' dir='ltr'>laudibus</span> 
     </span>
     <span class='ocr_line' id='line_1_4' title="bbox 301 628 1484 710; baseline 0 -21"><span class='ocrx_word' id='word_1_27' title='bbox 301 628 452 704; x_wconf 86' lang='lat' dir='ltr'><strong>extollant,</strong></span> <span class='ocrx_word' id='word_1_28' title='bbox 466 632 552 710; x_wconf 87' lang='lat' dir='ltr'><strong>eique</strong></span> <span class='ocrx_word' id='word_1_29' title='bbox 572 647 686 694; x_wconf 92' lang='lat' dir='ltr'><strong>omnem</strong></span> <span class='ocrx_word' id='word_1_30' title='bbox 709 632 946 710; x_wconf 81' lang='lat' dir='ltr'><strong>praerogativam</strong></span> <span class='ocrx_word' id='word_1_31' title='bbox 968 632 1146 695; x_wconf 73' lang='lat' dir='ltr'><strong>adjudicent.</strong></span> <span class='ocrx_word' id='word_1_32' title='bbox 1161 628 1246 695; x_wconf 88' lang='lat' dir='ltr'><strong>Unde</strong></span> <span class='ocrx_word' id='word_1_33' title='bbox 1268 630 1305 691; x_wconf 85' lang='lat' dir='ltr'><strong>fit</strong></span> <span class='ocrx_word' id='word_1_34' title='bbox 1326 636 1360 692; x_wconf 93' lang='lat' dir='ltr'><strong>ut</strong></span> <span class='ocrx_word' id='word_1_35' title='bbox 1381 628 1484 690; x_wconf 90' lang='lat' dir='ltr'><strong>sanio-</strong></span> 
     </span>
     <span class='ocr_line' id='line_1_5' title="bbox 301 726 1483 810; baseline 0.003 -24"><span class='ocrx_word' id='word_1_36' title='bbox 301 741 368 787; x_wconf 89' lang='lat' dir='ltr'><strong>rum</strong></span> <span class='ocrx_word' id='word_1_37' title='bbox 383 744 595 806; x_wconf 84' lang='lat' dir='ltr'><strong>saepenumero</strong></span> <span class='ocrx_word' id='word_1_38' title='bbox 608 730 700 792; x_wconf 86' lang='lat' dir='ltr'><strong>risum</strong></span> <span class='ocrx_word' id='word_1_39' title='bbox 715 730 858 804; x_wconf 87' lang='lat' dir='ltr'><strong>excitent;</strong></span> <span class='ocrx_word' id='word_1_40' title='bbox 876 745 954 810; x_wconf 88' lang='lat' dir='ltr'><strong>cum,</strong></span> <span class='ocrx_word' id='word_1_41' title='bbox 969 731 1086 807; x_wconf 86' lang='lat' dir='ltr'><strong>superis</strong></span> <span class='ocrx_word' id='word_1_42' title='bbox 1107 730 1220 802; x_wconf 85' lang='lat' dir='ltr'><strong>invitis,</strong></span> <span class='ocrx_word' id='word_1_43' title='bbox 1236 726 1375 807; x_wconf 86' lang='lat' dir='ltr'><strong>patriam,</strong></span> <span class='ocrx_word' id='word_1_44' title='bbox 1391 740 1483 803; x_wconf 86' lang='lat' dir='ltr'><strong>saepe</strong></span> 
     </span>
     <span class='ocr_line' id='line_1_6' title="bbox 301 814 1482 907; baseline -0.003 -19"><span class='ocrx_word' id='word_1_45' title='bbox 301 825 397 888; x_wconf 89' lang='lat' dir='ltr'><strong>civilis</strong></span> <span class='ocrx_word' id='word_1_46' title='bbox 419 826 552 890; x_wconf 92' lang='lat' dir='ltr'><strong>culturae</strong></span> <span class='ocrx_word' id='word_1_47' title='bbox 572 844 729 907; x_wconf 89' lang='lat' dir='ltr'><strong>rerumque</strong></span> <span class='ocrx_word' id='word_1_48' title='bbox 750 836 915 892; x_wconf 85' lang='lat' dir='ltr'><strong>ceterarum</strong></span> <span class='ocrx_word' id='word_1_49' title='bbox 931 827 1015 893; x_wconf 84' lang='lat' dir='ltr'><strong>ualde</strong></span> <span class='ocrx_word' id='word_1_50' title='bbox 1029 814 1155 905; x_wconf 85' lang='lat' dir='ltr'><strong>inopem,</strong></span> <span class='ocrx_word' id='word_1_51' title='bbox 1172 842 1242 905; x_wconf 90' lang='lat' dir='ltr'><strong>prae</strong></span> <span class='ocrx_word' id='word_1_52' title='bbox 1256 826 1367 888; x_wconf 87' lang='lat' dir='ltr'><strong>ceteris</strong></span> <span class='ocrx_word' id='word_1_53' title='bbox 1383 831 1482 887; x_wconf 88' lang='lat' dir='ltr'><strong>terrae</strong></span> 
     </span>
     <span class='ocr_line' id='line_1_7' title="bbox 303 924 1483 999; baseline -0.001 -16"><span class='ocrx_word' id='word_1_54' title='bbox 303 924 436 999; x_wconf 90' lang='lat' dir='ltr'><strong>partibus</strong></span> <span class='ocrx_word' id='word_1_55' title='bbox 454 926 538 987; x_wconf 91' lang='lat' dir='ltr'><strong>bonis</strong></span> <span class='ocrx_word' id='word_1_56' title='bbox 558 926 693 989; x_wconf 92' lang='lat' dir='ltr'><strong>omnibus</strong></span> <span class='ocrx_word' id='word_1_57' title='bbox 707 926 868 999; x_wconf 90' lang='lat' dir='ltr'><strong>abundare,</strong></span> <span class='ocrx_word' id='word_1_58' title='bbox 882 934 912 989; x_wconf 89' lang='lat' dir='ltr'><strong>et</strong></span> <span class='ocrx_word' id='word_1_59' title='bbox 932 926 1009 989; x_wconf 88' lang='lat' dir='ltr'><strong>inter</strong></span> <span class='ocrx_word' id='word_1_60' title='bbox 1024 926 1181 988; x_wconf 80' lang='lat' dir='ltr'><strong>societates</strong></span> <span class='ocrx_word' id='word_1_61' title='bbox 1202 938 1305 986; x_wconf 90' lang='lat' dir='ltr'><strong>omnes</strong></span> <span class='ocrx_word' id='word_1_62' title='bbox 1326 927 1483 999; x_wconf 88' lang='lat' dir='ltr'><strong>praestan-</strong></span> 
     </span>
     <span class='ocr_line' id='line_1_8' title="bbox 301 1019 1482 1098; baseline -0.004 -14"><span class='ocrx_word' id='word_1_63' title='bbox 301 1022 450 1084; x_wconf 90' lang='lat' dir='ltr'><strong>tissimam</strong></span> <span class='ocrx_word' id='word_1_64' title='bbox 471 1039 538 1086; x_wconf 90' lang='lat' dir='ltr'><strong>esse</strong></span> <span class='ocrx_word' id='word_1_65' title='bbox 559 1023 764 1087; x_wconf 87' lang='lat' dir='ltr'><strong>vociferantur.</strong></span> <span class='ocrx_word' id='word_1_66' title='bbox 787 1021 871 1098; x_wconf 82' lang='lat' dir='ltr'><strong>Quod</strong></span> <span class='ocrx_word' id='word_1_67' title='bbox 893 1024 964 1086; x_wconf 94' lang='lat' dir='ltr'><strong>dum</strong></span> <span class='ocrx_word' id='word_1_68' title='bbox 990 1023 1112 1096; x_wconf 87' lang='lat' dir='ltr'><strong>faciunt,</strong></span> <span class='ocrx_word' id='word_1_69' title='bbox 1133 1022 1173 1083; x_wconf 91' lang='lat' dir='ltr'><strong>iis</strong></span> <span class='ocrx_word' id='word_1_70' title='bbox 1194 1019 1359 1082; x_wconf 90' lang='lat' dir='ltr'><strong>assimilari</strong></span> <span class='ocrx_word' id='word_1_71' title='bbox 1381 1020 1482 1081; x_wconf 87' lang='lat' dir='ltr'><strong>niden-</strong></span> 
     </span>
     <span class='ocr_line' id='line_1_9' title="bbox 302 1120 1483 1200; baseline -0.003 -19"><span class='ocrx_word' id='word_1_72' title='bbox 302 1127 359 1196; x_wconf 91' lang='lat' dir='ltr'><strong>tur,</strong></span> <span class='ocrx_word' id='word_1_73' title='bbox 376 1121 427 1199; x_wconf 85' lang='lat' dir='ltr'><strong>qui</strong></span> <span class='ocrx_word' id='word_1_74' title='bbox 442 1121 500 1183; x_wconf 92' lang='lat' dir='ltr'><strong>etsi</strong></span> <span class='ocrx_word' id='word_1_75' title='bbox 522 1120 649 1199; x_wconf 89' lang='lat' dir='ltr'><strong>plebeios</strong></span> <span class='ocrx_word' id='word_1_76' title='bbox 671 1129 807 1200; x_wconf 87' lang='lat' dir='ltr'><strong>parentes</strong></span> <span class='ocrx_word' id='word_1_77' title='bbox 830 1122 957 1185; x_wconf 88' lang='lat' dir='ltr'><strong>habeant</strong></span> <span class='ocrx_word' id='word_1_78' title='bbox 977 1137 1013 1183; x_wconf 91' lang='lat' dir='ltr'><strong>ac</strong></span> <span class='ocrx_word' id='word_1_79' title='bbox 1034 1121 1131 1193; x_wconf 88' lang='lat' dir='ltr'><strong>rudes,</strong></span> <span class='ocrx_word' id='word_1_80' title='bbox 1145 1135 1197 1183; x_wconf 89' lang='lat' dir='ltr'><strong>eos</strong></span> <span class='ocrx_word' id='word_1_81' title='bbox 1219 1127 1321 1180; x_wconf 89' lang='lat' dir='ltr'><strong>tamen</strong></span> <span class='ocrx_word' id='word_1_82' title='bbox 1342 1132 1411 1180; x_wconf 86' lang='lat' dir='ltr'><strong>esse</strong></span> <span class='ocrx_word' id='word_1_83' title='bbox 1432 1132 1483 1178; x_wconf 84' lang='lat' dir='ltr'><strong>no</strong></span> 
     </span>
     <span class='ocr_line' id='line_1_10' title="bbox 302 1215 1564 1295; baseline -0.004 -15"><span class='ocrx_word' id='word_1_84' title='bbox 302 1217 463 1280; x_wconf 92' lang='lat' dir='ltr'><strong>bilissimos</strong></span> <span class='ocrx_word' id='word_1_85' title='bbox 484 1228 514 1282; x_wconf 91' lang='lat' dir='ltr'><strong>et</strong></span> <span class='ocrx_word' id='word_1_86' title='bbox 534 1220 612 1281; x_wconf 92' lang='lat' dir='ltr'><strong>omni</strong></span> <span class='ocrx_word' id='word_1_87' title='bbox 637 1219 754 1282; x_wconf 89' lang='lat' dir='ltr'><strong>cultura</strong></span> <span class='ocrx_word' id='word_1_88' title='bbox 783 1220 937 1283; x_wconf 88' lang='lat' dir='ltr'><strong>decoratos</strong></span> <span class='ocrx_word' id='word_1_89' title='bbox 966 1224 1145 1291; x_wconf 85' lang='lat' dir='ltr'><strong>asseverant,</strong></span> <span class='ocrx_word' id='word_1_90' title='bbox 1169 1216 1258 1295; x_wconf 90' lang='lat' dir='ltr'><strong>idque</strong></span> <span class='ocrx_word' id='word_1_91' title='bbox 1283 1215 1322 1277; x_wconf 88' lang='lat' dir='ltr'><strong>ad</strong></span> <span class='ocrx_word' id='word_1_92' title='bbox 1347 1229 1481 1278; x_wconf 89' lang='lat' dir='ltr'><strong>amorem</strong></span> <span class='ocrx_word' id='word_1_93' title='bbox 1563 1216 1564 1219; x_wconf 76' lang='grc'>’</span> 
     </span>
     <span class='ocr_line' id='line_1_11' title="bbox 302 1312 1481 1393; baseline -0.003 -17"><span class='ocrx_word' id='word_1_94' title='bbox 302 1314 375 1392; x_wconf 89' lang='lat' dir='ltr'><strong>ipsis</strong></span> <span class='ocrx_word' id='word_1_95' title='bbox 395 1315 527 1378; x_wconf 90' lang='lat' dir='ltr'><strong>debitum</strong></span> <span class='ocrx_word' id='word_1_96' title='bbox 549 1318 692 1393; x_wconf 88' lang='lat' dir='ltr'><strong>pertinere</strong></span> <span class='ocrx_word' id='word_1_97' title='bbox 714 1318 904 1379; x_wconf 89' lang='lat' dir='ltr'><strong>arbitrantur.</strong></span> <span class='ocrx_word' id='word_1_98' title='bbox 927 1314 1080 1380; x_wconf 81' lang='lat' dir='ltr'><strong>Secundus</strong></span> <span class='ocrx_word' id='word_1_99' title='bbox 1101 1330 1184 1378; x_wconf 91' lang='lat' dir='ltr'><strong>error</strong></span> <span class='ocrx_word' id='word_1_100' title='bbox 1204 1312 1324 1377; x_wconf 91' lang='lat' dir='ltr'><strong>illorum</strong></span> <span class='ocrx_word' id='word_1_101' title='bbox 1346 1319 1406 1385; x_wconf 89' lang='lat' dir='ltr'><strong>est,</strong></span> <span class='ocrx_word' id='word_1_102' title='bbox 1429 1312 1481 1390; x_wconf 86' lang='lat' dir='ltr'><strong>qul</strong></span> 
     </span>
     <span class='ocr_line' id='line_1_12' title="bbox 303 1410 1481 1491; baseline -0.002 -18"><span class='ocrx_word' id='word_1_103' title='bbox 303 1413 416 1490; x_wconf 85' lang='lat' dir='ltr'><strong>patriae</strong></span> <span class='ocrx_word' id='word_1_104' title='bbox 437 1412 621 1477; x_wconf 91' lang='lat' dir='ltr'><strong>dilectionem</strong></span> <span class='ocrx_word' id='word_1_105' title='bbox 645 1429 725 1478; x_wconf 89' lang='lat' dir='ltr'><strong>more</strong></span> <span class='ocrx_word' id='word_1_106' title='bbox 745 1416 929 1477; x_wconf 86' lang='lat' dir='ltr'><strong>etbnteorum</strong></span> <span class='ocrx_word' id='word_1_107' title='bbox 952 1415 1134 1491; x_wconf 84' lang='lat' dir='ltr'><strong>prolitentes,</strong></span> <span class='ocrx_word' id='word_1_108' title='bbox 1156 1413 1220 1475; x_wconf 89' lang='lat' dir='ltr'><strong>eius</strong></span> <span class='ocrx_word' id='word_1_109' title='bbox 1242 1410 1433 1489; x_wconf 87' lang='lat' dir='ltr'><strong>splendorem</strong></span> <span class='ocrx_word' id='word_1_110' title='bbox 1453 1416 1481 1472; x_wconf 88' lang='lat' dir='ltr'><strong>ot</strong></span> 
     </span>
     <span class='ocr_line' id='line_1_13' title="bbox 302 1508 1481 1591; baseline -0.001 -22"><span class='ocrx_word' id='word_1_111' title='bbox 302 1508 426 1587; x_wconf 82' lang='lat' dir='ltr'><strong>gloriam</strong></span> <span class='ocrx_word' id='word_1_112' title='bbox 441 1510 521 1572; x_wconf 92' lang='lat' dir='ltr'><strong>nulla</strong></span> <span class='ocrx_word' id='word_1_113' title='bbox 535 1511 699 1573; x_wconf 88' lang='lat' dir='ltr'><strong>honestatis</strong></span> <span class='ocrx_word' id='word_1_114' title='bbox 718 1511 820 1591; x_wconf 83' lang='lat' dir='ltr'><strong>regula</strong></span> <span class='ocrx_word' id='word_1_115' title='bbox 835 1511 1008 1585; x_wconf 91' lang='lat' dir='ltr'><strong>metiuntur,</strong></span> <span class='ocrx_word' id='word_1_116' title='bbox 1022 1511 1074 1573; x_wconf 90' lang='lat' dir='ltr'><strong>sed</strong></span> <span class='ocrx_word' id='word_1_117' title='bbox 1094 1508 1241 1588; x_wconf 85' lang='lat' dir='ltr'><strong>quidquid</strong></span> <span class='ocrx_word' id='word_1_118' title='bbox 1260 1508 1298 1571; x_wconf 90' lang='lat' dir='ltr'><strong>ad</strong></span> <span class='ocrx_word' id='word_1_119' title='bbox 1313 1524 1382 1570; x_wconf 90' lang='lat' dir='ltr'><strong>eam</strong></span> <span class='ocrx_word' id='word_1_120' title='bbox 1399 1514 1481 1569; x_wconf 91' lang='lat' dir='ltr'><strong>tuen-</strong></span> 
     </span>
     <span class='ocr_line' id='line_1_14' title="bbox 301 1606 1479 1687; baseline -0.003 -17"><span class='ocrx_word' id='word_1_121' title='bbox 301 1607 415 1672; x_wconf 90' lang='lat' dir='ltr'><strong>damet</strong></span> <span class='ocrx_word' id='word_1_122' title='bbox 435 1610 673 1687; x_wconf 83' lang='lat' dir='ltr'><strong>amplificandam</strong></span> <span class='ocrx_word' id='word_1_123' title='bbox 695 1611 817 1685; x_wconf 87' lang='lat' dir='ltr'><strong>confert,</strong></span> <span class='ocrx_word' id='word_1_124' title='bbox 833 1611 895 1673; x_wconf 90' lang='lat' dir='ltr'><strong>sive</strong></span> <span class='ocrx_word' id='word_1_125' title='bbox 917 1612 1026 1674; x_wconf 92' lang='lat' dir='ltr'><strong>bonum</strong></span> <span class='ocrx_word' id='word_1_126' title='bbox 1049 1611 1089 1671; x_wconf 92' lang='lat' dir='ltr'><strong>sit</strong></span> <span class='ocrx_word' id='word_1_127' title='bbox 1110 1610 1172 1672; x_wconf 89' lang='lat' dir='ltr'><strong>sive</strong></span> <span class='ocrx_word' id='word_1_128' title='bbox 1194 1608 1318 1681; x_wconf 89' lang='lat' dir='ltr'><strong>malum,</strong></span> <span class='ocrx_word' id='word_1_129' title='bbox 1340 1606 1479 1670; x_wconf 90' lang='lat' dir='ltr'><strong>continuo</strong></span> 
     </span>
     <span class='ocr_line' id='line_1_15' title="bbox 302 1704 1480 1785; baseline -0.004 -17"><span class='ocrx_word' id='word_1_130' title='bbox 302 1707 537 1784; x_wconf 90' lang='lat' dir='ltr'><strong>amplectendum</strong></span> <span class='ocrx_word' id='word_1_131' title='bbox 558 1716 587 1771; x_wconf 90' lang='lat' dir='ltr'><strong>et</strong></span> <span class='ocrx_word' id='word_1_132' title='bbox 608 1708 813 1771; x_wconf 90' lang='lat' dir='ltr'><strong>inculcandum</strong></span> <span class='ocrx_word' id='word_1_133' title='bbox 829 1708 1009 1771; x_wconf 86' lang='lat' dir='ltr'><strong>existimant.</strong></span> <span class='ocrx_word' id='word_1_134' title='bbox 1032 1706 1074 1770; x_wconf 82' lang='lat' dir='ltr'><strong>At</strong></span> <span class='ocrx_word' id='word_1_135' title='bbox 1094 1713 1277 1785; x_wconf 84' lang='lat' dir='ltr'><strong>quantopere</strong></span> <span class='ocrx_word' id='word_1_136' title='bbox 1297 1704 1480 1767; x_wconf 79' lang='lat' dir='ltr'><strong>hallucinan-</strong></span> 
     </span>
     <span class='ocr_line' id='line_1_16' title="bbox 303 1800 1565 1884; baseline -0.003 -19"><span class='ocrx_word' id='word_1_137' title='bbox 303 1812 361 1879; x_wconf 88' lang='lat' dir='ltr'><strong>tur,</strong></span> <span class='ocrx_word' id='word_1_138' title='bbox 375 1821 460 1869; x_wconf 93' lang='lat' dir='ltr'><strong>nemn</strong></span> <span class='ocrx_word' id='word_1_139' title='bbox 470 1814 517 1867; x_wconf 90' lang='lat' dir='ltr'><strong>est</strong></span> <span class='ocrx_word' id='word_1_140' title='bbox 530 1806 581 1884; x_wconf 89' lang='lat' dir='ltr'><strong>qni</strong></span> <span class='ocrx_word' id='word_1_141' title='bbox 596 1821 651 1869; x_wconf 94' lang='lat' dir='ltr'><strong>non</strong></span> <span class='ocrx_word' id='word_1_142' title='bbox 668 1806 773 1869; x_wconf 82' lang='lat' dir='ltr'><strong>videat.</strong></span> <span class='ocrx_word' id='word_1_143' title='bbox 788 1804 869 1869; x_wconf 89' lang='lat' dir='ltr'><strong>Ordo</strong></span> <span class='ocrx_word' id='word_1_144' title='bbox 884 1806 960 1869; x_wconf 90' lang='lat' dir='ltr'><strong>enim</strong></span> <span class='ocrx_word' id='word_1_145' title='bbox 975 1805 1106 1867; x_wconf 90' lang='lat' dir='ltr'><strong>iustitiae</strong></span> <span class='ocrx_word' id='word_1_146' title='bbox 1119 1811 1149 1866; x_wconf 92' lang='lat' dir='ltr'><strong>et</strong></span> <span class='ocrx_word' id='word_1_147' title='bbox 1163 1802 1329 1865; x_wconf 87' lang='lat' dir='ltr'><strong>honestatis</strong></span> <span class='ocrx_word' id='word_1_148' title='bbox 1341 1800 1480 1864; x_wconf 90' lang='lat' dir='ltr'><strong>omnibus</strong></span> <span class='ocrx_word' id='word_1_149' title='bbox 1564 1812 1565 1821; x_wconf 57' lang='lat'>¹</span> 
     </span>
     <span class='ocr_line' id='line_1_17' title="bbox 302 1900 1479 1981; baseline -0.003 -18"><span class='ocrx_word' id='word_1_150' title='bbox 302 1902 440 1963; x_wconf 86' lang='lat' dir='ltr'><strong>humanis</strong></span> <span class='ocrx_word' id='word_1_151' title='bbox 453 1904 610 1966; x_wconf 90' lang='lat' dir='ltr'><strong>affectibus</strong></span> <span class='ocrx_word' id='word_1_152' title='bbox 622 1904 767 1981; x_wconf 86' lang='lat' dir='ltr'><strong>imperare</strong></span> <span class='ocrx_word' id='word_1_153' title='bbox 780 1904 881 1977; x_wconf 87' lang='lat' dir='ltr'><strong>debet;</strong></span> <span class='ocrx_word' id='word_1_154' title='bbox 899 1904 959 1981; x_wconf 87' lang='lat' dir='ltr'><strong>qui,</strong></span> <span class='ocrx_word' id='word_1_155' title='bbox 978 1903 1003 1965; x_wconf 92' lang='lat' dir='ltr'><strong>si</strong></span> <span class='ocrx_word' id='word_1_156' title='bbox 1018 1904 1056 1965; x_wconf 92' lang='lat' dir='ltr'><strong>ab</strong></span> <span class='ocrx_word' id='word_1_157' title='bbox 1070 1901 1120 1965; x_wconf 94' lang='lat' dir='ltr'><strong>illo</strong></span> <span class='ocrx_word' id='word_1_158' title='bbox 1135 1902 1301 1975; x_wconf 89' lang='lat' dir='ltr'><strong>discedunt,</strong></span> <span class='ocrx_word' id='word_1_159' title='bbox 1317 1916 1374 1963; x_wconf 94' lang='lat' dir='ltr'><strong>non</strong></span> <span class='ocrx_word' id='word_1_160' title='bbox 1389 1900 1479 1962; x_wconf 91' lang='lat' dir='ltr'><strong>decus</strong></span> 
     </span>
     <span class='ocr_line' id='line_1_18' title="bbox 303 1996 1378 2079; baseline 0 -19"><span class='ocrx_word' id='word_1_161' title='bbox 303 2000 430 2061; x_wconf 81' lang='lat' dir='ltr'><strong>afferunt</strong></span> <span class='ocrx_word' id='word_1_162' title='bbox 443 2001 494 2062; x_wconf 91' lang='lat' dir='ltr'><strong>sed</strong></span> <span class='ocrx_word' id='word_1_163' title='bbox 510 2001 732 2079; x_wconf 88' lang='lat' dir='ltr'><strong>turpitudinem,</strong></span> <span class='ocrx_word' id='word_1_164' title='bbox 746 2018 802 2064; x_wconf 95' lang='lat' dir='ltr'><strong>non</strong></span> <span class='ocrx_word' id='word_1_165' title='bbox 824 1996 962 2065; x_wconf 84' lang='lat' dir='ltr'><strong>virtutem</strong></span> <span class='ocrx_word' id='word_1_166' title='bbox 984 2001 1167 2064; x_wconf 91' lang='lat' dir='ltr'><strong>constituunt</strong></span> <span class='ocrx_word' id='word_1_167' title='bbox 1190 2000 1242 2062; x_wconf 91' lang='lat' dir='ltr'><strong>sed</strong></span> <span class='ocrx_word' id='word_1_168' title='bbox 1264 1998 1378 2061; x_wconf 93' lang='lat' dir='ltr'><strong>vitium.</strong></span> 
     </span>
    </p>

    <p class='ocr_par' dir='ltr' id='par_1_3' title="bbox 305 2086 1480 2276">
     <span class='ocr_line' id='line_1_19' title="bbox 346 2086 1479 2185; baseline -0.001 -28"><span class='ocrx_word' id='word_1_169' title='bbox 346 2093 411 2158; x_wconf 84' lang='lat'><strong>105.</strong></span> <span class='ocrx_word' id='word_1_170' title='bbox 426 2094 456 2164; x_wconf 93' lang='lat' dir='ltr'><strong>ln</strong></span> <span class='ocrx_word' id='word_1_171' title='bbox 469 2114 531 2181; x_wconf 85' lang='lat' dir='ltr'><strong>quo</strong></span> <span class='ocrx_word' id='word_1_172' title='bbox 541 2113 637 2164; x_wconf 82' lang='lat' dir='ltr'><strong>uerus</strong></span> <span class='ocrx_word' id='word_1_173' title='bbox 648 2114 737 2165; x_wconf 88' lang='lat' dir='ltr'><strong>amor</strong></span> <span class='ocrx_word' id='word_1_174' title='bbox 748 2086 870 2185; x_wconf 82' lang='lat' dir='ltr'><strong>patriae</strong></span> <span class='ocrx_word' id='word_1_175' title='bbox 882 2096 1029 2166; x_wconf 85' lang='lat' dir='ltr'><strong>consistit.</strong></span> <span class='ocrx_word' id='word_1_176' title='bbox 1039 2096 1156 2161; x_wconf 87' lang='lat' dir='ltr'><strong>Caritas</strong></span> <span class='ocrx_word' id='word_1_177' title='bbox 1166 2098 1262 2177; x_wconf 90' lang='lat' dir='ltr'><strong>patria</strong></span> <span class='ocrx_word' id='word_1_178' title='bbox 1275 2098 1305 2160; x_wconf 91' lang='lat' dir='ltr'><strong>in</strong></span> <span class='ocrx_word' id='word_1_179' title='bbox 1317 2098 1374 2159; x_wconf 85' lang='lat' dir='ltr'><strong>boe</strong></span> <span class='ocrx_word' id='word_1_180' title='bbox 1383 2095 1479 2158; x_wconf 85' lang='lat' dir='ltr'><strong>cerui·</strong></span> 
     </span>
     <span class='ocr_line' id='line_1_20' title="bbox 305 2194 1480 2276; baseline -0.001 -20"><span class='ocrx_word' id='word_1_181' title='bbox 305 2202 365 2275; x_wconf 85' lang='lat' dir='ltr'><strong>tur,</strong></span> <span class='ocrx_word' id='word_1_182' title='bbox 380 2203 414 2257; x_wconf 90' lang='lat' dir='ltr'><strong>ut</strong></span> <span class='ocrx_word' id='word_1_183' title='bbox 427 2196 457 2257; x_wconf 90' lang='lat' dir='ltr'><strong>in</strong></span> <span class='ocrx_word' id='word_1_184' title='bbox 471 2196 575 2273; x_wconf 89' lang='lat' dir='ltr'><strong>primis</strong></span> <span class='ocrx_word' id='word_1_185' title='bbox 588 2197 714 2275; x_wconf 86' lang='lat' dir='ltr'><strong>patriam</strong></span> <span class='ocrx_word' id='word_1_186' title='bbox 730 2198 931 2276; x_wconf 84' lang='lat' dir='ltr'><strong>praeferamus</strong></span> <span class='ocrx_word' id='word_1_187' title='bbox 947 2213 1002 2259; x_wconf 91' lang='lat' dir='ltr'><strong>non</strong></span> <span class='ocrx_word' id='word_1_188' title='bbox 1019 2195 1158 2259; x_wconf 84' lang='lat' dir='ltr'><strong>absofute</strong></span> <span class='ocrx_word' id='word_1_189' title='bbox 1171 2197 1222 2260; x_wconf 92' lang='lat' dir='ltr'><strong>sed</strong></span> <span class='ocrx_word' id='word_1_190' title='bbox 1236 2195 1387 2271; x_wconf 77' lang='lat' dir='ltr'><strong>relatioe;</strong></span> <span class='ocrx_word' id='word_1_191' title='bbox 1401 2194 1480 2257; x_wconf 91' lang='lat' dir='ltr'><strong>idest</strong></span> 
     </span>
    </p>
   </div>
   <div class='ocr_carea' id='block_1_3' title="bbox 303 2294 1566 2373">
    <p class='ocr_par' dir='ltr' id='par_1_4' title="bbox 303 2294 1566 2373">
     <span class='ocr_line' id='line_1_21' title="bbox 303 2294 1566 2373; baseline -0.004 -18"><span class='ocrx_word' id='word_1_192' title='bbox 303 2300 336 2356; x_wconf 91' lang='lat' dir='ltr'><strong>ut</strong></span> <span class='ocrx_word' id='word_1_193' title='bbox 351 2309 426 2367; x_wconf 88' lang='lat' dir='ltr'><strong>eam,</strong></span> <span class='ocrx_word' id='word_1_194' title='bbox 438 2309 494 2357; x_wconf 94' lang='lat' dir='ltr'><strong>non</strong></span> <span class='ocrx_word' id='word_1_195' title='bbox 505 2296 543 2357; x_wconf 90' lang='lat' dir='ltr'><strong>ab</strong></span> <span class='ocrx_word' id='word_1_196' title='bbox 558 2295 705 2369; x_wconf 91' lang='lat' dir='ltr'><strong>omnibus,</strong></span> <span class='ocrx_word' id='word_1_197' title='bbox 720 2295 800 2357; x_wconf 89' lang='lat' dir='ltr'><strong>seda</strong></span> <span class='ocrx_word' id='word_1_198' title='bbox 812 2296 896 2357; x_wconf 91' lang='lat' dir='ltr'><strong>nobis</strong></span> <span class='ocrx_word' id='word_1_199' title='bbox 910 2295 1067 2357; x_wconf 81' lang='lat' dir='ltr'><strong>dumtaxat</strong></span> <span class='ocrx_word' id='word_1_200' title='bbox 1080 2310 1149 2373; x_wconf 88' lang='lat' dir='ltr'><strong>prae</strong></span> <span class='ocrx_word' id='word_1_201' title='bbox 1163 2296 1270 2359; x_wconf 90' lang='lat' dir='ltr'><strong>ceteris</strong></span> <span class='ocrx_word' id='word_1_202' title='bbox 1285 2294 1478 2358; x_wconf 89' lang='lat' dir='ltr'><strong>societatibus</strong></span> <span class='ocrx_word' id='word_1_203' title='bbox 1565 2332 1566 2350; x_wconf 48' lang='lat' dir='ltr'><strong>r</strong></span> 
     </span>
    </p>
   </div>
   <div class='ocr_carea' id='block_1_4' title="bbox 301 2392 1479 4327">
    <p class='ocr_par' dir='ltr' id='par_1_5' title="bbox 301 2392 1479 3061">
     <span class='ocr_line' id='line_1_22' title="bbox 301 2392 1479 2472; baseline 0.001 -18"><span class='ocrx_word' id='word_1_204' title='bbox 301 2392 438 2454; x_wconf 87' lang='lat' dir='ltr'><strong>civilibus</strong></span> <span class='ocrx_word' id='word_1_205' title='bbox 451 2409 515 2455; x_wconf 90' lang='lat' dir='ltr'><strong>esse</strong></span> <span class='ocrx_word' id='word_1_206' title='bbox 529 2392 708 2471; x_wconf 84' lang='lat' dir='ltr'><strong>diligendam</strong></span> <span class='ocrx_word' id='word_1_207' title='bbox 731 2392 911 2455; x_wconf 89' lang='lat' dir='ltr'><strong>iudicemus:</strong></span> <span class='ocrx_word' id='word_1_208' title='bbox 927 2408 982 2456; x_wconf 93' lang='lat' dir='ltr'><strong>non</strong></span> <span class='ocrx_word' id='word_1_209' title='bbox 997 2394 1067 2472; x_wconf 86' lang='lat' dir='ltr'><strong>quia</strong></span> <span class='ocrx_word' id='word_1_210' title='bbox 1082 2393 1142 2455; x_wconf 93' lang='lat' dir='ltr'><strong>illis</strong></span> <span class='ocrx_word' id='word_1_211' title='bbox 1157 2394 1320 2467; x_wconf 90' lang='lat' dir='ltr'><strong>antecellit,</strong></span> <span class='ocrx_word' id='word_1_212' title='bbox 1335 2394 1388 2457; x_wconf 89' lang='lat' dir='ltr'><strong>sed</strong></span> <span class='ocrx_word' id='word_1_213' title='bbox 1409 2392 1479 2472; x_wconf 84' lang='lat' dir='ltr'><strong>quia</strong></span> 
     </span>
     <span class='ocr_line' id='line_1_23' title="bbox 302 2489 1478 2570; baseline 0 -19"><span class='ocrx_word' id='word_1_214' title='bbox 302 2490 387 2568; x_wconf 87' lang='lat' dir='ltr'><strong>plura</strong></span> <span class='ocrx_word' id='word_1_215' title='bbox 406 2491 432 2552; x_wconf 90' lang='lat' dir='ltr'><strong>ei</strong></span> <span class='ocrx_word' id='word_1_216' title='bbox 448 2498 570 2570; x_wconf 87' lang='lat' dir='ltr'><strong>accepta</strong></span> <span class='ocrx_word' id='word_1_217' title='bbox 584 2490 750 2570; x_wconf 83' lang='lat' dir='ltr'><strong>referimus,</strong></span> <span class='ocrx_word' id='word_1_218' title='bbox 771 2506 849 2569; x_wconf 84' lang='lat' dir='ltr'><strong>quae</strong></span> <span class='ocrx_word' id='word_1_219' title='bbox 862 2492 901 2553; x_wconf 89' lang='lat' dir='ltr'><strong>ab</strong></span> <span class='ocrx_word' id='word_1_220' title='bbox 924 2491 992 2553; x_wconf 88' lang='lat' dir='ltr'><strong>allis</strong></span> <span class='ocrx_word' id='word_1_221' title='bbox 1007 2491 1132 2553; x_wconf 91' lang='lat' dir='ltr'><strong>mutuati</strong></span> <span class='ocrx_word' id='word_1_222' title='bbox 1149 2506 1206 2555; x_wconf 95' lang='lat' dir='ltr'><strong>non</strong></span> <span class='ocrx_word' id='word_1_223' title='bbox 1221 2506 1336 2553; x_wconf 89' lang='lat' dir='ltr'><strong>sumus.</strong></span> <span class='ocrx_word' id='word_1_224' title='bbox 1353 2489 1478 2563; x_wconf 87' lang='lat' dir='ltr'><strong>Deinde,</strong></span> 
     </span>
     <span class='ocr_line' id='line_1_24' title="bbox 302 2588 1479 2668; baseline 0.003 -20"><span class='ocrx_word' id='word_1_225' title='bbox 302 2596 336 2649; x_wconf 92' lang='lat' dir='ltr'><strong>ut</strong></span> <span class='ocrx_word' id='word_1_226' title='bbox 356 2603 392 2650; x_wconf 90' lang='lat' dir='ltr'><strong>ex</strong></span> <span class='ocrx_word' id='word_1_227' title='bbox 413 2588 472 2650; x_wconf 88' lang='lat' dir='ltr'><strong>hac</strong></span> <span class='ocrx_word' id='word_1_228' title='bbox 492 2588 646 2652; x_wconf 88' lang='lat' dir='ltr'><strong>dilectione</strong></span> <span class='ocrx_word' id='word_1_229' title='bbox 667 2588 704 2650; x_wconf 93' lang='lat' dir='ltr'><strong>ad</strong></span> <span class='ocrx_word' id='word_1_230' title='bbox 726 2589 838 2666; x_wconf 89' lang='lat' dir='ltr'><strong>patriae</strong></span> <span class='ocrx_word' id='word_1_231' title='bbox 859 2589 951 2651; x_wconf 90' lang='lat' dir='ltr'><strong>decus</strong></span> <span class='ocrx_word' id='word_1_232' title='bbox 972 2596 1061 2668; x_wconf 84' lang='lat' dir='ltr'><strong>atquc</strong></span> <span class='ocrx_word' id='word_1_233' title='bbox 1086 2589 1299 2667; x_wconf 88' lang='lat' dir='ltr'><strong>praestantiam</strong></span> <span class='ocrx_word' id='word_1_234' title='bbox 1325 2605 1385 2652; x_wconf 92' lang='lat' dir='ltr'><strong>non</strong></span> <span class='ocrx_word' id='word_1_235' title='bbox 1406 2588 1479 2651; x_wconf 87' lang='lat' dir='ltr'><strong>falso</strong></span> 
     </span>
     <span class='ocr_line' id='line_1_25' title="bbox 301 2686 1478 2767; baseline 0.002 -20"><span class='ocrx_word' id='word_1_236' title='bbox 301 2686 498 2749; x_wconf 87' lang='lat' dir='ltr'><strong>extollendam</strong></span> <span class='ocrx_word' id='word_1_237' title='bbox 513 2687 565 2750; x_wconf 91' lang='lat' dir='ltr'><strong>sed</strong></span> <span class='ocrx_word' id='word_1_238' title='bbox 585 2688 696 2749; x_wconf 89' lang='lat' dir='ltr'><strong>nostris</strong></span> <span class='ocrx_word' id='word_1_239' title='bbox 716 2687 868 2749; x_wconf 83' lang='lat' dir='ltr'><strong>laboribus</strong></span> <span class='ocrx_word' id='word_1_240' title='bbox 890 2688 1102 2764; x_wconf 88' lang='lat' dir='ltr'><strong>procurandam</strong></span> <span class='ocrx_word' id='word_1_241' title='bbox 1125 2693 1156 2749; x_wconf 86' lang='lat' dir='ltr'><strong>et</strong></span> <span class='ocrx_word' id='word_1_242' title='bbox 1176 2688 1346 2767; x_wconf 82' lang='lat' dir='ltr'><strong>augendam</strong></span> <span class='ocrx_word' id='word_1_243' title='bbox 1368 2686 1478 2750; x_wconf 82' lang='lat' dir='ltr'><strong>excite·</strong></span> 
     </span>
     <span class='ocr_line' id='line_1_26' title="bbox 302 2784 1477 2864; baseline -0.002 -18"><span class='ocrx_word' id='word_1_244' title='bbox 302 2801 386 2858; x_wconf 80' lang='lat' dir='ltr'><strong>mur3</strong></span> <span class='ocrx_word' id='word_1_245' title='bbox 406 2793 494 2863; x_wconf 89' lang='lat' dir='ltr'><strong>atque</strong></span> <span class='ocrx_word' id='word_1_246' title='bbox 515 2802 568 2864; x_wconf 92' lang='lat' dir='ltr'><strong>pro</strong></span> <span class='ocrx_word' id='word_1_247' title='bbox 589 2786 654 2849; x_wconf 90' lang='lat' dir='ltr'><strong>elus</strong></span> <span class='ocrx_word' id='word_1_248' title='bbox 675 2787 896 2849; x_wconf 85' lang='lat' dir='ltr'><strong>conservatione</strong></span> <span class='ocrx_word' id='word_1_249' title='bbox 916 2792 946 2848; x_wconf 92' lang='lat' dir='ltr'><strong>et</strong></span> <span class='ocrx_word' id='word_1_250' title='bbox 967 2784 1058 2848; x_wconf 88' lang='lat' dir='ltr'><strong>tutela</strong></span> <span class='ocrx_word' id='word_1_251' title='bbox 1075 2785 1169 2847; x_wconf 92' lang='lat' dir='ltr'><strong>vitam</strong></span> <span class='ocrx_word' id='word_1_252' title='bbox 1190 2785 1281 2847; x_wconf 89' lang='lat' dir='ltr'><strong>etiam</strong></span> <span class='ocrx_word' id='word_1_253' title='bbox 1302 2784 1477 2862; x_wconf 85' lang='lat' dir='ltr'><strong>profundere</strong></span> 
     </span>
     <span class='ocr_line' id='line_1_27' title="bbox 304 2880 1476 2962; baseline -0.002 -19"><span class='ocrx_word' id='word_1_254' title='bbox 304 2883 400 2960; x_wconf 89' lang='lat' dir='ltr'><strong>parati</strong></span> <span class='ocrx_word' id='word_1_255' title='bbox 419 2884 523 2957; x_wconf 89' lang='lat' dir='ltr'><strong>simus,</strong></span> <span class='ocrx_word' id='word_1_256' title='bbox 544 2883 671 2946; x_wconf 87' lang='lat' dir='ltr'><strong>servatis</strong></span> <span class='ocrx_word' id='word_1_257' title='bbox 691 2882 803 2962; x_wconf 83' lang='lat' dir='ltr'><strong>iugiter</strong></span> <span class='ocrx_word' id='word_1_258' title='bbox 825 2882 956 2945; x_wconf 87' lang='lat' dir='ltr'><strong>iustitiae</strong></span> <span class='ocrx_word' id='word_1_259' title='bbox 976 2880 1101 2961; x_wconf 81' lang='lat' dir='ltr'><strong>legibus,</strong></span> <span class='ocrx_word' id='word_1_260' title='bbox 1115 2897 1133 2943; x_wconf 91' lang='lat' dir='ltr'><strong>a</strong></span> <span class='ocrx_word' id='word_1_261' title='bbox 1147 2882 1257 2960; x_wconf 85' lang='lat' dir='ltr'><strong>quibus</strong></span> <span class='ocrx_word' id='word_1_262' title='bbox 1273 2881 1411 2944; x_wconf 89' lang='lat' dir='ltr'><strong>recedere</strong></span> <span class='ocrx_word' id='word_1_263' title='bbox 1424 2894 1476 2942; x_wconf 89' lang='lat' dir='ltr'><strong>nec</strong></span> 
     </span>
     <span class='ocr_line' id='line_1_28' title="bbox 303 2980 995 3061; baseline 0 -19"><span class='ocrx_word' id='word_1_264' title='bbox 303 2996 356 3058; x_wconf 94' lang='lat' dir='ltr'><strong>pro</strong></span> <span class='ocrx_word' id='word_1_265' title='bbox 378 2981 471 3058; x_wconf 92' lang='lat' dir='ltr'><strong>patria</strong></span> <span class='ocrx_word' id='word_1_266' title='bbox 493 2996 562 3043; x_wconf 90' lang='lat' dir='ltr'><strong>neco</strong></span> <span class='ocrx_word' id='word_1_267' title='bbox 584 2997 637 3061; x_wconf 90' lang='lat' dir='ltr'><strong>pro</strong></span> <span class='ocrx_word' id='word_1_268' title='bbox 658 2989 744 3059; x_wconf 89' lang='lat' dir='ltr'><strong>patre</strong></span> <span class='ocrx_word' id='word_1_269' title='bbox 766 2997 895 3060; x_wconf 88' lang='lat' dir='ltr'><strong>unquam</strong></span> <span class='ocrx_word' id='word_1_270' title='bbox 916 2980 995 3043; x_wconf 90' lang='lat' dir='ltr'><strong>licet.</strong></span> 
     </span>
    </p>

    <p class='ocr_par' dir='ltr' id='par_1_6' title="bbox 302 3076 1477 4327">
     <span class='ocr_line' id='line_1_29' title="bbox 342 3076 1476 3159; baseline -0.004 -18"><span class='ocrx_word' id='word_1_271' title='bbox 342 3077 389 3141; x_wconf 84' lang='lat' dir='ltr'><strong>Ex</strong></span> <span class='ocrx_word' id='word_1_272' title='bbox 407 3079 464 3141; x_wconf 91' lang='lat' dir='ltr'><strong>hoc</strong></span> <span class='ocrx_word' id='word_1_273' title='bbox 484 3095 583 3142; x_wconf 88' lang='lat' dir='ltr'><strong>amore</strong></span> <span class='ocrx_word' id='word_1_274' title='bbox 605 3080 792 3159; x_wconf 86' lang='lat' dir='ltr'><strong>consequitur</strong></span> <span class='ocrx_word' id='word_1_275' title='bbox 814 3088 847 3141; x_wconf 91' lang='lat' dir='ltr'><strong>ut</strong></span> <span class='ocrx_word' id='word_1_276' title='bbox 868 3077 1058 3156; x_wconf 89' lang='lat' dir='ltr'><strong>reipublicae,</strong></span> <span class='ocrx_word' id='word_1_277' title='bbox 1081 3080 1167 3141; x_wconf 87' lang='lat' dir='ltr'><strong>cuius</strong></span> <span class='ocrx_word' id='word_1_278' title='bbox 1187 3078 1308 3141; x_wconf 87' lang='lat' dir='ltr'><strong>civitate</strong></span> <span class='ocrx_word' id='word_1_279' title='bbox 1322 3076 1476 3148; x_wconf 84' lang='lat' dir='ltr'><strong>donamur,</strong></span> 
     </span>
     <span class='ocr_line' id='line_1_30' title="bbox 303 3174 1475 3256; baseline -0.003 -17"><span class='ocrx_word' id='word_1_280' title='bbox 303 3176 400 3249; x_wconf 90' lang='lat' dir='ltr'><strong>saluti,</strong></span> <span class='ocrx_word' id='word_1_281' title='bbox 410 3176 598 3252; x_wconf 87' lang='lat' dir='ltr'><strong>incremento,</strong></span> <span class='ocrx_word' id='word_1_282' title='bbox 609 3178 751 3255; x_wconf 87' lang='lat' dir='ltr'><strong>felicitati,</strong></span> <span class='ocrx_word' id='word_1_283' title='bbox 765 3177 864 3256; x_wconf 88' lang='lat' dir='ltr'><strong>quoad</strong></span> <span class='ocrx_word' id='word_1_284' title='bbox 877 3192 1045 3255; x_wconf 90' lang='lat' dir='ltr'><strong>possumus,</strong></span> <span class='ocrx_word' id='word_1_285' title='bbox 1059 3177 1243 3239; x_wconf 90' lang='lat' dir='ltr'><strong>studeamus.</strong></span> <span class='ocrx_word' id='word_1_286' title='bbox 1256 3174 1364 3239; x_wconf 88' lang='lat' dir='ltr'><strong>Sedulo</strong></span> <span class='ocrx_word' id='word_1_287' title='bbox 1379 3182 1475 3236; x_wconf 83' lang='lat' dir='ltr'><strong>tarum</strong></span> 
     </span>
     <span class='ocr_line' id='line_1_31' title="bbox 302 3274 1476 3353; baseline -0.003 -16"><span class='ocrx_word' id='word_1_288' title='bbox 302 3274 592 3337; x_wconf 86' lang='lat' dir='ltr'><strong>animadvertendum</strong></span> <span class='ocrx_word' id='word_1_289' title='bbox 613 3284 669 3349; x_wconf 87' lang='lat' dir='ltr'><strong>est,</strong></span> <span class='ocrx_word' id='word_1_290' title='bbox 690 3276 757 3339; x_wconf 93' lang='lat' dir='ltr'><strong>inde</strong></span> <span class='ocrx_word' id='word_1_291' title='bbox 779 3290 835 3337; x_wconf 93' lang='lat' dir='ltr'><strong>non</strong></span> <span class='ocrx_word' id='word_1_292' title='bbox 856 3275 939 3353; x_wconf 87' lang='lat' dir='ltr'><strong>sequi</strong></span> <span class='ocrx_word' id='word_1_293' title='bbox 960 3283 992 3336; x_wconf 93' lang='lat' dir='ltr'><strong>ut</strong></span> <span class='ocrx_word' id='word_1_294' title='bbox 1012 3289 1114 3337; x_wconf 89' lang='lat' dir='ltr'><strong>omues</strong></span> <span class='ocrx_word' id='word_1_295' title='bbox 1136 3274 1174 3336; x_wconf 91' lang='lat' dir='ltr'><strong>ad</strong></span> <span class='ocrx_word' id='word_1_296' title='bbox 1195 3274 1404 3353; x_wconf 82' lang='lat' dir='ltr'><strong>magistratum</strong></span> <span class='ocrx_word' id='word_1_297' title='bbox 1426 3288 1476 3349; x_wconf 84' lang='lat' dir='ltr'><strong>ge·</strong></span> 
     </span>
     <span class='ocr_line' id='line_1_32' title="bbox 303 3368 1475 3448; baseline -0.004 -13"><span class='ocrx_word' id='word_1_298' title='bbox 303 3372 425 3435; x_wconf 92' lang='lat' dir='ltr'><strong>rendum</strong></span> <span class='ocrx_word' id='word_1_299' title='bbox 441 3379 492 3433; x_wconf 89' lang='lat' dir='ltr'><strong>ant</strong></span> <span class='ocrx_word' id='word_1_300' title='bbox 506 3372 587 3433; x_wconf 90' lang='lat' dir='ltr'><strong>allud</strong></span> <span class='ocrx_word' id='word_1_301' title='bbox 602 3372 750 3448; x_wconf 89' lang='lat' dir='ltr'><strong>publicum</strong></span> <span class='ocrx_word' id='word_1_302' title='bbox 766 3388 875 3434; x_wconf 89' lang='lat' dir='ltr'><strong>munus</strong></span> <span class='ocrx_word' id='word_1_303' title='bbox 890 3371 1084 3434; x_wconf 90' lang='lat' dir='ltr'><strong>exercendum</strong></span> <span class='ocrx_word' id='word_1_304' title='bbox 1100 3371 1153 3432; x_wconf 90' lang='lat' dir='ltr'><strong>niti</strong></span> <span class='ocrx_word' id='word_1_305' title='bbox 1167 3370 1302 3433; x_wconf 87' lang='lat' dir='ltr'><strong>debeant.</strong></span> <span class='ocrx_word' id='word_1_306' title='bbox 1318 3368 1384 3433; x_wconf 93' lang='lat' dir='ltr'><strong>Non</strong></span> <span class='ocrx_word' id='word_1_307' title='bbox 1398 3370 1475 3432; x_wconf 93' lang='lat' dir='ltr'><strong>enim</strong></span> 
     </span>
     <span class='ocr_line' id='line_1_33' title="bbox 304 3467 1477 3545; baseline -0.003 -14"><span class='ocrx_word' id='word_1_308' title='bbox 304 3470 361 3533; x_wconf 90' lang='lat' dir='ltr'><strong>bae</strong></span> <span class='ocrx_word' id='word_1_309' title='bbox 383 3470 430 3532; x_wconf 89' lang='lat' dir='ltr'><strong>via</strong></span> <span class='ocrx_word' id='word_1_310' title='bbox 451 3469 606 3531; x_wconf 85' lang='lat' dir='ltr'><strong>dumtaxat</strong></span> <span class='ocrx_word' id='word_1_311' title='bbox 626 3468 745 3531; x_wconf 84' lang='lat' dir='ltr'><strong>iuuatur</strong></span> <span class='ocrx_word' id='word_1_312' title='bbox 766 3469 902 3531; x_wconf 87' lang='lat' dir='ltr'><strong>societas.</strong></span> <span class='ocrx_word' id='word_1_313' title='bbox 919 3467 1012 3532; x_wconf 91' lang='lat' dir='ltr'><strong>lmmo</strong></span> <span class='ocrx_word' id='word_1_314' title='bbox 1033 3467 1060 3529; x_wconf 91' lang='lat' dir='ltr'><strong>si</strong></span> <span class='ocrx_word' id='word_1_315' title='bbox 1074 3482 1175 3530; x_wconf 91' lang='lat' dir='ltr'><strong>omnes</strong></span> <span class='ocrx_word' id='word_1_316' title='bbox 1189 3468 1267 3530; x_wconf 89' lang='lat' dir='ltr'><strong>hanc</strong></span> <span class='ocrx_word' id='word_1_317' title='bbox 1282 3474 1416 3545; x_wconf 89' lang='lat' dir='ltr'><strong>spartam</strong></span> <span class='ocrx_word' id='word_1_318' title='bbox 1430 3481 1477 3528; x_wconf 92' lang='lat' dir='ltr'><strong>or·</strong></span> 
     </span>
     <span class='ocr_line' id='line_1_34' title="bbox 304 3562 1474 3641; baseline -0.005 -11"><span class='ocrx_word' id='word_1_319' title='bbox 304 3584 373 3631; x_wconf 90' lang='lat' dir='ltr'><strong>nare</strong></span> <span class='ocrx_word' id='word_1_320' title='bbox 401 3566 520 3641; x_wconf 89' lang='lat' dir='ltr'><strong>vellent;</strong></span> <span class='ocrx_word' id='word_1_321' title='bbox 542 3567 686 3629; x_wconf 88' lang='lat' dir='ltr'><strong>immensa</strong></span> <span class='ocrx_word' id='word_1_322' title='bbox 709 3565 842 3628; x_wconf 90' lang='lat' dir='ltr'><strong>confusio</strong></span> <span class='ocrx_word' id='word_1_323' title='bbox 868 3574 897 3627; x_wconf 91' lang='lat' dir='ltr'><strong>et</strong></span> <span class='ocrx_word' id='word_1_324' title='bbox 918 3565 1076 3628; x_wconf 87' lang='lat' dir='ltr'><strong>aemulatio</strong></span> <span class='ocrx_word' id='word_1_325' title='bbox 1106 3566 1280 3629; x_wconf 85' lang='lat' dir='ltr'><strong>exoriretur.</strong></span> <span class='ocrx_word' id='word_1_326' title='bbox 1302 3562 1365 3628; x_wconf 87' lang='lat' dir='ltr'><strong>Nec</strong></span> <span class='ocrx_word' id='word_1_327' title='bbox 1386 3564 1474 3627; x_wconf 88' lang='lat' dir='ltr'><strong>etiam</strong></span> 
     </span>
     <span class='ocr_line' id='line_1_35' title="bbox 303 3662 1475 3745; baseline -0.005 -17"><span class='ocrx_word' id='word_1_328' title='bbox 303 3666 442 3745; x_wconf 82' lang='lat' dir='ltr'><strong>obligatio</strong></span> <span class='ocrx_word' id='word_1_329' title='bbox 457 3667 590 3745; x_wconf 88' lang='lat' dir='ltr'><strong>sequitur</strong></span> <span class='ocrx_word' id='word_1_330' title='bbox 604 3663 759 3728; x_wconf 88' lang='lat' dir='ltr'><strong>exercendi</strong></span> <span class='ocrx_word' id='word_1_331' title='bbox 774 3672 981 3737; x_wconf 88' lang='lat' dir='ltr'><strong>mercaturam,</strong></span> <span class='ocrx_word' id='word_1_332' title='bbox 997 3671 1048 3726; x_wconf 90' lang='lat' dir='ltr'><strong>aut</strong></span> <span class='ocrx_word' id='word_1_333' title='bbox 1062 3671 1157 3726; x_wconf 89' lang='lat' dir='ltr'><strong>artem</strong></span> <span class='ocrx_word' id='word_1_334' title='bbox 1173 3664 1303 3743; x_wconf 85' lang='lat' dir='ltr'><strong>aliquam</strong></span> <span class='ocrx_word' id='word_1_335' title='bbox 1319 3662 1365 3725; x_wconf 91' lang='lat' dir='ltr'><strong>vel</strong></span> <span class='ocrx_word' id='word_1_336' title='bbox 1380 3663 1475 3725; x_wconf 89' lang='lat' dir='ltr'><strong>scion-</strong></span> 
     </span>
     <span class='ocr_line' id='line_1_36' title="bbox 305 3760 1473 3841; baseline -0.003 -16"><span class='ocrx_word' id='word_1_337' title='bbox 305 3764 386 3841; x_wconf 87' lang='lat' dir='ltr'><strong>tiam,</strong></span> <span class='ocrx_word' id='word_1_338' title='bbox 400 3770 452 3826; x_wconf 89' lang='lat' dir='ltr'><strong>aut</strong></span> <span class='ocrx_word' id='word_1_339' title='bbox 467 3761 654 3841; x_wconf 89' lang='lat' dir='ltr'><strong>promovendi</strong></span> <span class='ocrx_word' id='word_1_340' title='bbox 677 3760 802 3824; x_wconf 90' lang='lat' dir='ltr'><strong>allorum</strong></span> <span class='ocrx_word' id='word_1_341' title='bbox 824 3761 932 3824; x_wconf 87' lang='lat' dir='ltr'><strong>civium</strong></span> <span class='ocrx_word' id='word_1_342' title='bbox 954 3760 1151 3841; x_wconf 89' lang='lat' dir='ltr'><strong>disciplinam,</strong></span> <span class='ocrx_word' id='word_1_343' title='bbox 1168 3761 1230 3825; x_wconf 84' lang='lat' dir='ltr'><strong>site</strong></span> <span class='ocrx_word' id='word_1_344' title='bbox 1244 3762 1274 3824; x_wconf 95' lang='lat' dir='ltr'><strong>in</strong></span> <span class='ocrx_word' id='word_1_345' title='bbox 1289 3762 1397 3825; x_wconf 89' lang='lat' dir='ltr'><strong>litteris</strong></span> <span class='ocrx_word' id='word_1_346' title='bbox 1412 3762 1473 3823; x_wconf 92' lang='lat' dir='ltr'><strong>sive</strong></span> 
     </span>
     <span class='ocr_line' id='line_1_37' title="bbox 304 3858 1474 3936; baseline -0.003 -16"><span class='ocrx_word' id='word_1_347' title='bbox 304 3861 333 3921; x_wconf 95' lang='lat' dir='ltr'><strong>in</strong></span> <span class='ocrx_word' id='word_1_348' title='bbox 353 3862 493 3924; x_wconf 93' lang='lat' dir='ltr'><strong>moribus.</strong></span> <span class='ocrx_word' id='word_1_349' title='bbox 519 3859 586 3922; x_wconf 82' lang='lat' dir='ltr'><strong>Etsi</strong></span> <span class='ocrx_word' id='word_1_350' title='bbox 605 3860 683 3922; x_wconf 88' lang='lat' dir='ltr'><strong>enim</strong></span> <span class='ocrx_word' id='word_1_351' title='bbox 711 3861 763 3936; x_wconf 89' lang='lat' dir='ltr'><strong>qni</strong></span> <span class='ocrx_word' id='word_1_352' title='bbox 785 3858 912 3921; x_wconf 89' lang='lat' dir='ltr'><strong>fideliter</strong></span> <span class='ocrx_word' id='word_1_353' title='bbox 931 3865 962 3920; x_wconf 91' lang='lat' dir='ltr'><strong>et</strong></span> <span class='ocrx_word' id='word_1_354' title='bbox 982 3858 1090 3921; x_wconf 91' lang='lat' dir='ltr'><strong>intuitu</strong></span> <span class='ocrx_word' id='word_1_355' title='bbox 1117 3860 1185 3923; x_wconf 94' lang='lat' dir='ltr'><strong>boni</strong></span> <span class='ocrx_word' id='word_1_356' title='bbox 1213 3859 1380 3923; x_wconf 92' lang='lat' dir='ltr'><strong>communis</strong></span> <span class='ocrx_word' id='word_1_357' title='bbox 1401 3860 1474 3919; x_wconf 87' lang='lat' dir='ltr'><strong>baec</strong></span> 
     </span>
     <span class='ocr_line' id='line_1_38' title="bbox 305 3952 1472 4036; baseline -0.004 -18"><span class='ocrx_word' id='word_1_358' title='bbox 305 3958 412 4019; x_wconf 92' lang='lat' dir='ltr'><strong>obeunt</strong></span> <span class='ocrx_word' id='word_1_359' title='bbox 431 3959 541 4032; x_wconf 88' lang='lat' dir='ltr'><strong>munia,</strong></span> <span class='ocrx_word' id='word_1_360' title='bbox 565 3958 675 4036; x_wconf 87' lang='lat' dir='ltr'><strong>optime</strong></span> <span class='ocrx_word' id='word_1_361' title='bbox 699 3957 736 4018; x_wconf 92' lang='lat' dir='ltr'><strong>de</strong></span> <span class='ocrx_word' id='word_1_362' title='bbox 758 3956 910 4034; x_wconf 87' lang='lat' dir='ltr'><strong>republica</strong></span> <span class='ocrx_word' id='word_1_363' title='bbox 931 3964 1095 4031; x_wconf 68' lang='lat' dir='ltr'><strong>merentum</strong></span> <span class='ocrx_word' id='word_1_364' title='bbox 1116 3972 1173 4019; x_wconf 96' lang='lat' dir='ltr'><strong>non</strong></span> <span class='ocrx_word' id='word_1_365' title='bbox 1196 3965 1294 4020; x_wconf 81' lang='lat' dir='ltr'><strong>mmen</strong></span> <span class='ocrx_word' id='word_1_366' title='bbox 1316 3972 1412 4020; x_wconf 86' lang='lat' dir='ltr'><strong>omnes</strong></span> <span class='ocrx_word' id='word_1_367' title='bbox 1431 3952 1472 4014; x_wconf 90' lang='lat' dir='ltr'><strong>ad</strong></span> 
     </span>
     <span class='ocr_line' id='line_1_39' title="bbox 304 4054 1474 4133; baseline -0.004 -17"><span class='ocrx_word' id='word_1_368' title='bbox 304 4068 339 4116; x_wconf 90' lang='lat' dir='ltr'><strong>ca</strong></span> <span class='ocrx_word' id='word_1_369' title='bbox 359 4054 506 4131; x_wconf 89' lang='lat' dir='ltr'><strong>implenda</strong></span> <span class='ocrx_word' id='word_1_370' title='bbox 529 4054 754 4133; x_wconf 90' lang='lat' dir='ltr'><strong>compelluntur,</strong></span> <span class='ocrx_word' id='word_1_371' title='bbox 778 4069 832 4116; x_wconf 94' lang='lat' dir='ltr'><strong>nec</strong></span> <span class='ocrx_word' id='word_1_372' title='bbox 853 4054 964 4118; x_wconf 86' lang='lat' dir='ltr'><strong>idcirco</strong></span> <span class='ocrx_word' id='word_1_373' title='bbox 985 4055 1069 4117; x_wconf 90' lang='lat' dir='ltr'><strong>otiosi</strong></span> <span class='ocrx_word' id='word_1_374' title='bbox 1099 4054 1238 4118; x_wconf 88' lang='lat' dir='ltr'><strong>censendi</strong></span> <span class='ocrx_word' id='word_1_375' title='bbox 1264 4061 1333 4118; x_wconf 92' lang='lat' dir='ltr'><strong>sunt</strong></span> <span class='ocrx_word' id='word_1_376' title='bbox 1353 4062 1382 4117; x_wconf 94' lang='lat' dir='ltr'><strong>et</strong></span> <span class='ocrx_word' id='word_1_377' title='bbox 1400 4067 1474 4115; x_wconf 93' lang='lat' dir='ltr'><strong>onus</strong></span> 
     </span>
     <span class='ocr_line' id='line_1_40' title="bbox 306 4150 1475 4232; baseline -0.001 -21"><span class='ocrx_word' id='word_1_378' title='bbox 306 4151 409 4213; x_wconf 92' lang='lat' dir='ltr'><strong>inutile</strong></span> <span class='ocrx_word' id='word_1_379' title='bbox 433 4152 588 4215; x_wconf 89' lang='lat' dir='ltr'><strong>societatis.</strong></span> <span class='ocrx_word' id='word_1_380' title='bbox 612 4150 643 4215; x_wconf 90' lang='lat' dir='ltr'><strong>st</strong></span> <span class='ocrx_word' id='word_1_381' title='bbox 664 4154 732 4232; x_wconf 88' lang='lat' dir='ltr'><strong>quis</strong></span> <span class='ocrx_word' id='word_1_382' title='bbox 756 4152 833 4215; x_wconf 88' lang='lat' dir='ltr'><strong>enim</strong></span> <span class='ocrx_word' id='word_1_383' title='bbox 863 4152 977 4230; x_wconf 88' lang='lat' dir='ltr'><strong>privata</strong></span> <span class='ocrx_word' id='word_1_384' title='bbox 1006 4153 1121 4217; x_wconf 91' lang='lat' dir='ltr'><strong>fortuna</strong></span> <span class='ocrx_word' id='word_1_385' title='bbox 1151 4160 1316 4227; x_wconf 87' lang='lat' dir='ltr'><strong>contentus,</strong></span> <span class='ocrx_word' id='word_1_386' title='bbox 1341 4150 1475 4231; x_wconf 90' lang='lat' dir='ltr'><strong>propriae</strong></span> 
     </span>
     <span class='ocr_line' id='line_1_41' title="bbox 304 4246 1474 4327; baseline 0.001 -17"><span class='ocrx_word' id='word_1_387' title='bbox 304 4246 431 4310; x_wconf 90' lang='lat' dir='ltr'><strong>familiae</strong></span> <span class='ocrx_word' id='word_1_388' title='bbox 454 4248 564 4313; x_wconf 89' lang='lat' dir='ltr'><strong>directe</strong></span> <span class='ocrx_word' id='word_1_389' title='bbox 587 4249 780 4325; x_wconf 75' lang='lat' dir='ltr'><strong>consultae</strong></span> <span class='ocrx_word' id='word_1_390' title='bbox 802 4250 973 4314; x_wconf 90' lang='lat' dir='ltr'><strong>domesticis</strong></span> <span class='ocrx_word' id='word_1_391' title='bbox 994 4251 1107 4316; x_wconf 88' lang='lat' dir='ltr'><strong>faribus</strong></span> <span class='ocrx_word' id='word_1_392' title='bbox 1129 4252 1293 4315; x_wconf 90' lang='lat' dir='ltr'><strong>modestam</strong></span> <span class='ocrx_word' id='word_1_393' title='bbox 1314 4257 1343 4315; x_wconf 89' lang='lat' dir='ltr'><strong>et</strong></span> <span class='ocrx_word' id='word_1_394' title='bbox 1364 4255 1474 4327; x_wconf 87' lang='lat' dir='ltr'><strong>tempe-</strong></span> 
     </span>
    </p>
   </div>
   <div class='ocr_carea' id='block_1_5' title="bbox 0 0 1584 4934">
    <p class='ocr_par' dir='ltr' id='par_1_7' title="bbox 0 0 1584 4934">
     <span class='ocr_line' id='line_1_42' title="bbox 0 0 1584 4934; baseline 0 2"><span class='ocrx_word' id='word_1_395' title='bbox 0 0 1584 4934; x_wconf 95' lang='lat' dir='ltr'><strong> </strong></span> 
     </span>
    </p>
   </div>
  </div>
 </body>
</html>
