3159 4934
300 292 355 352 156
623 311 666 354 133
683 311 811 354 ramata
827 311 919 357 -auus
937 309 962 351 u.
982 311 1023 354 ms
1041 312 1151 355 333333

301 423 458 504 quominus
479 424 518 486 sit
538 424 625 488 etiam
647 425 801 504 iuridicus,
821 427 847 488 si
868 426 982 488 interno
1002 441 1079 490 nexa
1100 427 1165 488 iura
1186 427 1238 490 illa
1257 427 1334 492 inter
1355 445 1393 493 se
1418 430 1495 494 col-

300 522 441 602 ligantur,
460 531 491 585 et
512 539 602 585 uuum
624 523 665 586 sit
684 524 777 588 ueluti
797 523 956 602 explicatio
977 531 1030 586 aut
1049 525 1175 587 effectus
1196 525 1326 589 alterius.

345 615 438 684 Obiic.
463 619 498 684 V.
520 619 685 685 Dicendum
710 621 838 695 videtur,
859 633 927 686 cum
949 621 1092 698 Globerti,
1114 619 1255 686 Mamiaui
1283 629 1373 704 atque
1398 625 1494 700 aliis,

301 721 507 784 auctoritatem
528 720 558 781 lu
581 719 714 783 subiecto
728 719 919 783 determinari
939 737 976 784 33
992 721 1196 783 aristocratia
1216 721 1354 799 inpcnii3
1367 729 1492 801 quate-

300 835 357 888 nus
371 819 413 881 illi
428 828 532 882 natura
549 835 603 881 sna
618 819 666 880 ius
681 818 845 897 imperandi
866 819 1046 896 possideant,
1059 819 1111 897 qui
1132 819 1279 898 sapientes
1292 828 1362 882 sunt
1383 829 1492 901 313113

301 916 414 996 optimi.
436 913 533 989 Quare
554 916 679 991 addunt,
701 914 840 995 pupulum
861 915 900 976 ad
920 931 971 978 eos
991 916 1144 994 eligendos
1165 915 1299 996 obligari.

342 1012 379 1077 R.
400 1010 482 1076 Haeo
505 1010 682 1076 Liberallum
704 1013 854 1077 mitiorum
876 1013 990 1076 theoria
1017 1014 1142 1077 ridicula
1169 1031 1288 1094 prorsus
1313 1024 1371 1080 est.
1400 1016 1489 1081 Nam

302 1112 460 1191 ingenium,
482 1111 508 1174 si
529 1127 596 1174 vere
617 1111 697 1174 adsit
717 1120 746 1174 et
767 1128 840 1174 sana
860 1112 993 1176 doctrina
1021 1111 1185 1188 imbuatur,
1206 1113 1258 1176 dat
1276 1115 1407 1193 quidem
1439 1117 1491 1178 ius

302 1210 435 1284 ducendi,
455 1226 512 1273 333
532 1209 705 1288 imperandi.
728 1207 778 1274 lus
799 1209 964 1287 imperandi
991 1212 1087 1274 oritur
1111 1209 1150 1273 ab
1177 1227 1212 1273 ea
1232 1211 1359 1274 subiecti
1391 1229 1491 1291 prae-

303 1309 421 1382 stantia,
435 1325 493 1388 qua
510 1309 544 1371 111
558 1316 591 1371 31
605 1324 726 1387 persona
742 1307 858 1388 publice
878 1315 1020 1386 appareat
1033 1317 1140 1370 oruata
1162 1308 1225 1371 inre
1246 1308 1374 1388 ponendi
1399 1311 1489 1374 ordi·

303 1422 367 1470 nem
380 1407 477 1486 quoad
489 1416 608 1470 mutuas
623 1407 778 1470 relationes
789 1405 984 1485 singulorum,
995 1407 1213 1470 multitudinem
1224 1409 1487 1486 componentium.

302 1506 352 1570 Ad
371 1507 448 1585 quod
470 1521 577 1568 munus
598 1505 654 1568 rite
674 1506 869 1570 exercendum
884 1505 1046 1584 requiritur
1060 1519 1131 1567 sane
1145 1503 1299 1583 prudentia
1312 1512 1345 1567 et
1361 1507 1487 1570 virtus:

302 1599 356 1667 s'ed
376 1603 456 1666 aliud
478 1612 523 1666 est
543 1603 671 1667 conditio
695 1603 839 1682 requisita
858 1604 897 1665 ad
925 1611 1151 1666 consentaneum
1179 1602 1253 1666 iuris
1279 1604 1486 1681 exercitium3

303 1701 383 1765 aliud
404 1708 448 1765 est
470 1701 584 1776 titulus,
604 1717 641 1763 31
662 1717 721 1780 quo
741 1703 789 1764 ius
811 1702 909 1778 ipsum
930 1708 1071 1779 emergat.
1086 1698 1254 1774 Praeterea,
1269 1703 1294 1762 si
1309 1716 1380 1765 rera
1395 1711 1487 1768 esset

303 1799 420 1864 illorum
441 1800 549 1878 opinio,
570 1800 726 1864 indicanda
754 1807 835 1863 esset
862 1798 1025 1871 academia,
1045 1799 1076 1860 in
1103 1814 1162 1877 qua
1191 1798 1282 1860 buius
1310 1800 1487 1877 sapientiae

303 1899 420 1960 laureae
440 1898 674 1971 distribuuntur3
689 1905 719 1960 et
739 1898 936 1961 dellniendum
958 1905 1037 1959 esset
1057 1895 1220 1971 criterium,
1233 1913 1292 1975 quc
1306 1898 1484 1962 certissime

304 2005 334 2058 et
354 1997 417 2059 siue
438 2011 534 2060 errore
556 1997 745 2075 optimismus
765 1996 816 2058 ille
836 2013 853 2059 a
875 1995 984 2075 populu
1005 1995 1133 2058 discerni
1155 2003 1263 2073 posset.
1280 1993 1483 2073 833333311-

304 2094 404 2160 culum
424 2097 489 2171 erit,
512 2111 547 2158 33
569 2095 697 2173 populus
719 2092 978 2174 (quemadmodum
999 2109 1088 2172 saepe
1113 2093 1279 2173 contingit),
1299 2095 1400 2158 fraude
1421 2105 1485 2158 aut
1561 2174 1562 2177 Ἴ

304 2193 429 2272 pecunia
443 2209 475 2256 ca
480 2201 556 2272 ptus,
567 2210 623 2257 uon
637 2195 820 2273 sapientibus
834 2194 886 2257 sod
900 2193 1106 2268 nebulonibus,
1121 2209 1176 2258 333
1192 2194 1292 2271 probis
1306 2194 1359 2256 sed
1373 2197 1484 2273 pravis

305 2293 479 2371 suffragium
501 2292 623 2356 tribuat.

768 2551 938 2614 Auricunus
963 2549 1012 2615 vl.

390 2675 439 2754 De
458 2684 720 2750 Scholasticorum
740 2685 897 2748 3333133113
918 2683 1021 2767 quoad
1040 2683 1212 2749 subiectum
1232 2704 1398 2768 supremae

714 2783 884 2866 potestates
901 2781 1060 2864 politicae.

346 2977 395 3044 59.
418 2977 489 3048 Eius
510 2978 685 3066 explicatio.
707 2972 851 3057 Quoniam
867 2981 996 3044 nonnulli
1013 2995 1167 3058 perperam
1182 2980 1353 3061 intelligunt
1365 2980 1485 3044 doctri-

307 3095 375 3142 nam
396 3087 527 3142 veterum
553 3079 766 3158 theologorum,
786 3078 886 3158 quoad
913 3079 1079 3142 subiectum
1109 3078 1298 3142 auctoritatis
1326 3095 1345 3141 a
1373 3085 1484 3142 natura

307 3177 445 3256 primitus
458 3177 637 3251 institutum,
647 3193 769 3257 eamque
780 3194 847 3240 cum
861 3180 952 3255 pacto
966 3173 1078 3239 3331313·
1089 3174 1268 3240 Rousseavii
1283 3176 1485 3251 confundunt,
1558 3170 1559 3183 ³

308 3275 379 3338 utile
399 3276 456 3338 erit
475 3276 511 3338 de
532 3277 589 3337 bac
610 3291 641 3337 re
662 3275 773 3354 aliquid
794 3275 924 3337 innuere.

347 3372 449 3451 ltaque
470 3373 614 3436 theoriam
636 3369 1112 3446 333131113113,1313131183113133
1130 3387 1326 3446 communem,
1337 3375 1482 3451 exposuit

308 3469 416 3535 Suarez
438 3480 499 3534 tum
515 3472 544 3534 iu
559 3468 750 3549 Defensiouc
762 3468 858 3532 Fidei
875 3467 1043 3534 catholicae
1063 3471 1207 3534 adversas
1224 3486 1324 3550 regem
1339 3468 1481 3551 Angliae,

301 3559 371 3633 'turn
386 3571 415 3631 iu
431 3577 570 3643 tractatu,
584 3586 672 3649 quem
687 3568 725 3631 de
736 3566 873 3648 Lepidos
886 3570 1046 3649 inscripsit.
1061 3567 1105 3632 En
1121 3571 1251 3633 breviter
1265 3571 1330 3633 eius
1344 3587 1482 3632 samma:

307 3668 356 3733 Ad
378 3669 583 3746 perlectionem
604 3667 716 3730 bomini
738 3674 947 3746 congruentem
961 3683 1017 3730 unu
1038 3668 1149 3730 sufficit
1170 3666 1293 3743 familia,
1308 3667 1361 3729 sed
1383 3667 1484 3746 requi-

301 3769 383 3842 ritur
404 3767 529 3831 ulterius
550 3766 746 3831 communitas
768 3764 1285 3846 3311333333331133311113133
1306 3765 1482 3827 constituat.

308 3866 406 3941 Ouare
426 3871 515 3932 bomo
535 3874 581 3930 est
602 3866 729 3930 civiliter
749 3865 866 3932 socialis
887 3866 915 3929 31
936 3861 1213 3928 331313311111333
1234 3863 1364 3928 33313133
1379 3863 1483 3927 ordine

310 3966 433 4030 donetur
453 3975 483 4030 et
504 3967 615 4029 unitate
628 3964 766 4045 operandi
782 3980 836 4042 prc
850 3964 925 4026 bono
939 3962 1088 4025 communi
1104 3961 1163 4041 (cui
1178 3976 1344 4040 repugnare
1357 3970 1483 4039 possunt

310 4064 409 4126 studia
425 4064 637 4145 singulorum),
650 4063 814 4128 necessaria
828 4069 873 4124 est
887 4067 1019 4140 potestas
1029 4056 1086 4123 ‘seu
1108 4061 1156 4122 ius
1171 4073 1343 4138 supremum
1360 4057 1483 4137 regendi

309 4161 533 4239 rempublicam.
549 4161 640 4226 Porro
653 4161 796 4225 eiusmodi
813 4168 943 4239 potestas
958 4175 1010 4238 per
1024 4173 1057 4222 se
1070 4158 1267 4230 considerata,
1282 4156 1483 4220 abstrahendo

309 4258 427 4324 abbae
448 4259 492 4322 vel
513 4259 563 4322 illa
583 4260 676 4322 131133
697 4259 860 4340 regiminis,
873 4274 929 4322 uon
945 4257 1077 4337 procedit
1097 4256 1153 4319 nisi
1175 4271 1192 4318 a
1213 4251 1276 4318 Dec
1296 4253 1481 4327 immediate,
