3159 4934
289 373 372 416 carun
390 373 425 415 ru,
444 374 479 415 nn
497 374 638 416 socrnrarn
655 374 800 427 antrorum,
820 374 929 419 ururnuu
946 376 1069 419 accensu
1211 363 1263 422 323

136 486 213 552 Mira
235 496 280 551 est
300 488 503 552 nonnullorum
523 490 619 567 pietas
634 497 664 553 et
677 490 808 553 studium
824 489 939 554 divinae
955 491 1075 571 gloriae,
1088 508 1178 571 quam
1194 498 1264 557 tuuc

90 594 210 649 mutum
237 588 402 661 ostendunt,
428 603 495 650 cum
523 587 560 650 de
584 587 717 651 Ecclesia
745 588 896 667 spolianda
921 589 1033 668 agiturl
1055 590 1098 653 At
1124 592 1262 669 quoniam

92 694 178 749 tauta
193 685 332 765 religione
347 674 511 760 moventur,
525 686 593 765 angi
607 686 751 749 desinant.
766 684 844 749 Nam
859 686 929 765 quid
946 688 1041 768 magis
1056 688 1154 752 divino
1168 690 1264 752 cultui

87 792 125 847 et
156 784 312 847 sacerdotii
344 784 515 846 muneribus
545 784 638 847 libere
669 784 842 847 exercendis
869 784 1016 866 expediat,
1044 802 1129 849 nemo
1157 787 1264 851 melius

93 882 256 944 diiudicare
277 889 495 959 praestruam
517 882 582 960 ipsa
604 880 747 945 Ecclesia.
769 879 852 945 Haec
877 890 976 945 autem
1002 884 1178 949 contrariam
1200 886 1263 964 opi-

91 980 211 1043 nionem
232 994 348 1058 semper
368 987 493 1059 seqnnuta
507 988 562 1043 est.
579 978 618 1042 Et
633 980 752 1054 merito;
772 996 840 1043 uam
861 981 891 1041 iu
914 981 1018 1059 primis
1034 996 1104 1043 cura
1125 982 1263 1060 carpendi

90 1078 209 1139 fructus
229 1093 246 1139 e
265 1078 392 1156 propriis
408 1079 535 1155 praediis
554 1078 614 1141 lere
628 1077 708 1139 nulla
728 1084 786 1152 est;
809 1085 996 1141 cumcontra
1012 1080 1261 1157 tenoroppositus

93 1190 231 1254 magnam
258 1174 482 1238 sollicitudinem
507 1174 633 1254 ingerat,
657 1175 719 1238 sive
745 1183 864 1253 propter
892 1176 1084 1253 exiguitatem
1112 1178 1259 1256 stipendii,

90 1272 159 1335 sine
179 1282 298 1351 propter
317 1271 465 1351 repulsam
485 1279 514 1335 et
535 1272 715 1346 dilationem,
736 1288 826 1351 quam
849 1272 911 1351 pati
934 1281 1081 1352 potestat
1102 1290 1190 1353 saepe
1213 1291 1263 1354 pn-

92 1370 174 1434 titur.
197 1369 362 1445 Praeterea,
382 1371 488 1449 agendi
508 1370 594 1443 ratio,
618 1386 708 1449 quam
734 1370 896 1433 adversarii
924 1378 1097 1448 proponunt,
1119 1374 1265 1437 nocentis·

90 1468 170 1529 sima
190 1476 234 1530 est
254 1469 382 1531 libertati
398 1467 549 1531 Ecclesiae
568 1476 599 1530 et
618 1467 683 1530 eius
700 1475 823 1531 naturae
838 1483 1015 1547 repugnans.
1035 1466 1129 1533 Nocet
1143 1472 1262 1550 quidem

91 1564 221 1627 libertati
243 1564 403 1644 Ecclesiae,
424 1565 492 1645 quia
507 1565 550 1628 sic
565 1564 662 1627 civilis
678 1573 807 1643 potestas
823 1566 952 1643 perfacili
968 1567 1063 1631 medio
1084 1570 1197 1645 potitur
1211 1570 1263 1632 ad-

90 1662 219 1724 ducendi
233 1661 350 1726 Clerum
364 1679 423 1742 quo
437 1663 518 1739 velit,
533 1678 602 1725 cum
622 1663 680 1741 ipsi
701 1662 850 1726 resistenti
872 1664 1052 1742 stipendium
1073 1682 1179 1745 negare
1195 1682 1263 1745 pos·

89 1760 141 1821 sit.
155 1758 312 1839 Repugnat
325 1772 422 1824 autem
436 1769 560 1824 naturae
571 1757 737 1835 Ecclesiam
759 1761 829 1841 quin
845 1764 901 1825 hoc
918 1763 1003 1825 modo
1021 1763 1167 1828 clericalis
1183 1760 1262 1829 Ordo
1289 1829 1292 1837 ,

88 1858 275 1920 assimilatur
288 1859 445 1921 conditioni
467 1858 598 1922 civilium
618 1859 874 1931 administrorum
892 1869 981 1939 atque
1002 1861 1043 1923 ita
1057 1861 1134 1926 lacto
1156 1862 1259 1925 saltem

90 1962 216 2034 negatur
239 1958 411 2019 exsistentia
432 1956 649 2020 ecclesiasticae
674 1957 828 2020 societatis
851 1965 1001 2035 tamquam
1023 1977 1040 2021 a
1061 1959 1141 2023 civili
1158 1960 1262 2023 distin·

88 2061 159 2117 ctae
180 2062 269 2134 atque
297 2055 525 2132 independentis.
547 2052 651 2129 Quivis
675 2055 752 2117 enim
776 2055 909 2118 minister
930 2058 968 2118 ab
988 2072 1022 2119 ea
1048 2058 1187 2121 societate
1209 2058 1262 2121 sti-

92 2150 198 2229 pendia
222 2152 352 2229 recipere
372 2152 468 2230 debet,
490 2152 576 2215 cuius
603 2152 766 2215 ministerio
793 2154 942 2231 lungitur;
969 2170 1003 2216 ac
1028 2156 1148 2232 proinde
1172 2157 1225 2235 qui
1245 2173 1262 2217 a

92 2248 174 2328 civili
195 2264 260 2312 earn
284 2250 397 2327 recipit,
420 2258 453 2312 ut
473 2250 536 2313 eius
556 2250 785 2312 instrumentum
808 2250 1019 2314 consideratur.

137 2343 230 2409 Obiie.
249 2345 284 2411 V.
300 2346 466 2425 Religiosac
480 2346 607 2410 familiae
621 2346 739 2410 inutiles
755 2355 824 2410 sunt
846 2348 921 2411 bono
936 2350 1096 2413 societatis.
1112 2348 1193 2429 Ergo
1206 2351 1263 2413 im-

93 2444 251 2524 pediendae
269 2453 347 2518 sunt,
361 2445 517 2523 quominus
530 2445 735 2519 edormentur3
758 2462 793 2508 ac
810 2446 836 2507 si
856 2448 1029 2510 efformatae
1043 2448 1102 2510 iam
1118 2449 1185 2521 sint,
1201 2448 1262 2511 dis-

90 2543 248 2607 solvendae
269 2551 363 2605 erunt.
1349 2626 1353 2632 ³

130 2637 169 2703 R.
190 2637 222 2703 ln
244 2640 348 2717 primis
368 2640 443 2703 haec
463 2641 589 2704 obiectio
608 2641 683 2704 falso
704 2642 819 2705 laborat
842 2642 1006 2719 supposito.
1023 2640 1168 2707 Subaudit
1183 2644 1259 2707 enlm

88 2737 236 2801 eiusmodi
257 2745 359 2800 coetus
380 2737 534 2816 religiosos
549 2754 605 2801 non
626 2738 745 2801 differre
765 2757 782 2803 a
804 2740 1068 2803 consecutionibus
1089 2756 1168 2805 mere
1188 2744 1261 2805 cini·

89 2835 180 2909 libus,
194 2844 265 2913 puta
280 2843 478 2899 mercatorum
499 2846 551 2899 aut
571 2835 731 2910 artificum,
745 2853 872 2915 quarum
892 2840 1021 2916 pretium
1035 2855 1071 2901 ex
1086 2840 1167 2903 civili
1181 2856 1261 2904 erno·

89 2934 220 2997 lumento
241 2936 451 2998 dimetiendum
472 2936 519 2998 sit.
541 2933 625 3011 Quod
647 2952 704 2999 non
724 2944 771 2998 est
790 2937 842 2999 ita.
858 2935 964 3000 Coetus
985 2938 1062 2999 enim
1076 2936 1121 3000 illi
1136 2940 1260 3016 praesti·

88 3039 187 3095 tutum
209 3033 329 3109 habent,
350 3040 577 3113 nontermnara
594 3034 838 3121 utilitatemsed
859 3035 1026 3123 caelestem,
1046 3051 1149 3114 nempe
1170 3039 1257 3100 linem

87 3130 188 3208 ipsum
203 3128 368 3193 Ecclesiae:
383 3132 431 3193 cui
447 3138 547 3194 utrum
562 3131 712 3195 conferant
726 3147 815 3194 necue
832 3120 1070 3211 uo'n‘apoliticis,
1085 3135 1136 3213 qui
1151 3135 1258 3199 dehac

88 3244 120 3291 re
131 3218 205 3290 niun
218 3228 395 3305 intelligunt,
407 3229 459 3290 sed
473 3231 512 3291 ab
525 3226 658 3291 Ecclesia
671 3229 868 3291 definiendum
883 3238 938 3293 est.
951 3230 1062 3294 Deinde
1078 3234 1134 3295 boc
1149 3234 1256 3311 ipsum,

85 3328 167 3406 quod
182 3326 336 3400 obiiciunt,
346 3326 474 3389 lalsitate
488 3325 611 3389 laborat.
627 3324 715 3400 Nam,
728 3334 760 3389 ut
775 3328 910 3390 omittam
926 3330 1065 3391 maiorem
1081 3337 1194 3405 partem
1205 3330 1259 3392 ho-

87 3439 154 3488 rum
169 3434 306 3487 coetuum
323 3424 367 3487 vel
382 3424 503 3486 assidue
516 3426 545 3485 in
561 3426 636 3488 bono
649 3426 775 3488 aliorum
794 3429 943 3505 occupari,
959 3427 1003 3489 vel
1019 3427 1122 3488 saltem
1138 3426 1257 3505 aliquod

86 3538 162 3600 opus
183 3522 318 3584 caritatis
339 3536 409 3600 erga
430 3522 597 3600 proximum
615 3538 761 3598 exercere,
781 3524 860 3602 quod
875 3525 937 3587 sine
958 3524 1048 3587 dubio
1064 3525 1093 3585 in
1107 3525 1255 3602 publicam

88 3618 247 3682 utilitatem
269 3621 426 3693 redundat;
450 3626 530 3683 certe
548 3619 591 3682 illi
605 3620 674 3698 ipsi,
695 3622 746 3699 qui
770 3622 904 3700 propriae
926 3622 1093 3698 perfectioni
1108 3632 1137 3684 et
1158 3623 1256 3686 divino

86 3717 182 3781 cultui
203 3719 288 3781 unice
309 3726 424 3791 vacant,
451 3703 569 3780 inutiles
597 3719 732 3781 societati
754 3719 812 3781 dici
834 3734 889 3781 non
917 3727 1049 3797 possunt,
1071 3735 1139 3782 curu
1162 3720 1255 3783 eidem

86 3815 281 3894 multiplicem
306 3817 462 3880 utilitatem
487 3816 654 3895 importent.
677 3816 709 3881 ln
731 3818 836 3896 primis
863 3816 940 3879 enirn
966 3817 992 3878 si
1019 3819 1146 3881 societas
1167 3820 1254 3881 atbea
1301 3824 1304 3829 “

84 3930 143 3979 nou
169 3915 218 3989 sit,
238 3924 356 3995 gratum
383 3916 492 3978 babere
513 3914 600 3977 debet
619 3922 649 3978 et
670 3924 821 3993 umquam
845 3915 979 3993 publicae
1003 3915 1123 3977 utilitati
1146 3916 1255 3979 condu-

83 4029 162 4085 cens,
189 4015 268 4091 quod
288 4021 404 4076 exstent
429 4013 560 4076 homines
585 4011 646 4076 Deo
668 4012 783 4090 penitus
812 4013 983 4090 mancipati,
1012 4014 1063 4091 qui
1088 4014 1255 4077 excelsioris

86 4112 207 4174 virtutis
227 4112 368 4174 exercitio
388 4121 417 4174 et
437 4108 612 4173 assiduitate
633 4125 752 4187 precum
775 4110 905 4171 divinam
929 4125 1012 4187 opem
1034 4110 1064 4171 in
1085 4102 1254 4175 universam

36 4216 39 4219 ’
83 4208 256 4272 societatem
277 4208 442 4286 implorent.
458 4207 578 4286 Deinde,
594 4206 620 4269 si
640 4206 832 4285 potissimum
854 4208 1006 4269 societatis
1024 4208 1131 4270 bonum
1154 4224 1209 4271 non
1225 4210 1255 4271 in

83 4306 232 4370 materiali
260 4306 363 4368 sedin
391 4306 494 4369 morali
514 4306 710 4385 prosperitate
738 4305 829 4367 situm
850 4313 911 4379 est3
938 4307 1066 4384 prolecto
1095 4307 1253 4369 utilissima
