3159 4934
284 304 320 361 96
794 313 938 356 urnrca

283 433 376 505 lieret,
395 431 422 492 si
436 430 530 492 virtus
542 424 756 491 irremunerata
771 435 911 501 maneret,
925 426 1071 506 flagitium
1085 425 1165 488 nullo
1184 424 1330 503 supplicio
1345 424 1456 502 plecte·
1531 440 1547 471 ·

282 529 382 592 retur?
399 526 579 591 Praesertim
593 526 674 605 quia,
689 534 722 587 ut
743 526 832 604 paulo
846 533 913 586 aute
927 525 1041 587 dictum
1054 531 1109 597 εει,
1124 540 1179 585 non
1194 539 1262 586 raro
1276 539 1330 601 pru
1346 524 1459 585 virtute

283 626 426 689 servanda
441 624 580 687 maximis
596 624 688 698 bouis,
702 626 837 685 animum
851 625 1038 686 vehementer
1058 621 1264 694 allicientibus,
1283 620 1404 698 spoliari
1417 637 1456 683 ac

281 730 406 786 mortem
428 724 523 801 ipsam
545 728 682 799 oppetere
703 729 836 800 oportet;
857 728 959 783 contra
981 719 1187 783 scelestissimi
1208 720 1342 781 homiues
1367 733 1457 796 saepe

280 820 418 883 omuibus
439 818 554 881 deliciis
575 819 713 881 dillluunt
728 833 764 880 ac
787 818 999 895 turpitudinem
1014 817 1079 881 vitii
1099 831 1155 879 non
1177 817 1264 879 modo
1279 832 1385 894 parum
1403 832 1459 881 cu-

281 927 357 990 rant,
378 932 479 981 verum
500 916 590 979 etiam
613 916 712 978 decori
734 915 956 980 sibi'tribuunt.

320 1013 369 1080 96.
392 1013 568 1080 Pnovosrrro
589 1013 630 1078 2².
645 1013 774 1077 Sanctio
795 1013 873 1094 lepis
888 1012 1048 1079 naturalis
1069 1012 1217 1091 suturam
1237 1014 1334 1077 citam
1353 1013 1456 1093 respi-

282 1134 348 1179 cere
368 1114 464 1179 dedet.

321 1212 408 1277 Prob.
429 1210 596 1276 Praemium
619 1212 723 1276 virtuti
748 1214 947 1291 adaequatum
976 1213 1060 1277 bouis
1081 1212 1290 1292 praesentibus
1311 1212 1457 1275 contineri

280 1328 337 1375 non
358 1319 461 1391 potest.
484 1310 560 1374 Nam
589 1312 663 1374 hacc
684 1312 792 1373 omnia
809 1319 838 1373 et
864 1312 955 1375 vitam
981 1312 1079 1389 ipsam
1107 1310 1242 1373 amittere
1269 1310 1367 1388 parati
1386 1325 1456 1373 esse

279 1412 431 1484 debemus,
442 1425 495 1489 pro
510 1410 629 1473 virtutis
643 1408 844 1472 incolumitate
859 1408 1012 1473 servanda.
1027 1405 1196 1471 Praemium
1212 1416 1311 1470 autem
1326 1406 1457 1481 alicuius

279 1509 321 1571 rei
343 1508 443 1587 nequit
463 1524 529 1571 esse
549 1506 591 1580 id,
611 1506 690 1585 qnod
711 1506 794 1568 iuxta
815 1506 945 1569 ordinem
967 1505 1090 1568 rationis
1119 1505 1314 1582 spernendum
1340 1512 1396 1583 est,
1418 1512 1453 1566 nt

279 1606 360 1668 illam
383 1613 526 1668 tueamur.
548 1603 588 1667 Et
609 1620 689 1677 sane,
711 1603 830 1666 virtutis
850 1604 1024 1667 exercitium
1044 1604 1075 1665 iu
1097 1603 1203 1666 bonum
1230 1611 1258 1667 et
1278 1603 1451 1666 felicitatem

279 1704 404 1765 subiecti
425 1702 588 1765 redundare
618 1695 816 1779 debetErfg'o
837 1702 1011 1779 praemium,
1038 1702 1140 1764 virtuti
1169 1701 1313 1775 debitum,
1335 1700 1393 1763 tale
1413 1700 1454 1763 sit

244 1842 246 1849 ·
280 1817 397 1865 necesse
424 1811 481 1874 est,
508 1807 541 1861 ut
562 1800 658 1861 omnia
682 1802 755 1862 nona
782 1800 874 1861 huins
895 1799 975 1861 vitae
1001 1808 1133 1878 superet;
1164 1799 1311 1877 siquidem
1334 1800 1454 1862 virtutis

278 1899 412 1961 custodia
433 1897 589 1977 aliquando
610 1897 716 1961 horum
740 1898 871 1959 omnium
893 1898 1040 1960 iacturam
1061 1897 1194 1975 requirit.

318 1994 398 2059 Idem
409 1996 525 2083 pariter
545 1995 661 2057 dicatur
682 1995 718 2056 de
740 2010 849 2071 poena;
869 2011 953 2073 qnae,
970 1995 1024 2056 nisi
1042 1996 1132 2056 nnius
1147 1996 1226 2058 vitae
1240 1996 1386 2058 ambitum
1401 2012 1455 2057 eur-

278 2093 591 2169 cederet‚³cougrueuti
608 2093 794 2170 proportione
812 2101 934 2155 careret.
951 2090 1028 2154 Nam
1051 2108 1139 2170 saepe
1160 2093 1199 2155 ad
1222 2093 1319 2156 scelus
1334 2102 1453 2171 patran-

278 2192 348 2255 dum
370 2193 457 2255 homo
480 2191 592 2270 magnis
618 2191 700 2253 bouis
722 2191 846 2253 terrenis
872 2191 1017 2264 allicitur;
1040 2200 1070 2253 et
1090 2200 1192 2254 contra
1214 2193 1351 2255 omnious
1373 2194 1454 2255 vitae

277 2292 440 2355 commodis
461 2299 491 2354 et
512 2290 569 2368 ipsi
590 2289 779 2351 exsistentiae
800 2288 963 2351 valedicere
984 2289 1162 2367 quandoque
1178 2290 1274 2368 debet,
1290 2305 1325 2351 ne
1340 2290 1453 2369 flagitio

276 2389 305 2451 iu
329 2389 455 2475 ninetnr.
1161 2446 1164 2450 f
1222 2445 1225 2450 a
1421 2412 1483 2474 «X

248 2406 562 2620 stmssenonosun
585 2483 626 2548 3².
643 2473 829 2547 Praemium
842 2480 929 2546 domis
951 2486 983 2544 et
999 2500 1100 2562 poema
1120 2482 1227 2560 impiis
1247 2482 1451 2570 retribuenda
1484 2493 1487 2500 '

97 2632 99 2639 .
199 2651 201 2657 ,
277 2586 421 2649 consistit
435 2574 636 2665 potissimum
657 2585 690 2647 im
711 2585 951 2662 concameratione
970 2582 1019 2646 cel
1043 2583 1211 2645 amissione
1236 2582 1344 2646 citimi
1363 2582 1448 2661 pinis.

317 2682 403 2747 Prob.
419 2682 507 2747 Bonis
520 2684 666 2760 operibus
688 2701 704 2745 a
725 2683 789 2760 lege
804 2680 908 2754 iussis,
922 2682 1011 2743 homo
1031 2681 1062 2743 iu
1079 2681 1128 2743 via
1149 2698 1180 2743 se
1195 2681 1360 2752 constitnit,
1373 2698 1450 2761 qnae

276 2781 423 2842 adfinem
455 2788 534 2843 recta
564 2782 666 2858 pergit.
684 2777 766 2865 ¹Nam
795 2780 937 2842 honestae
965 2780 1095 2841 actiones
1122 2786 1193 2841 sunt
1218 2779 1308 2842 veluti
1338 2795 1451 2857 passus,

277 2879 386 2955 quibus
400 2878 541 2943 adfinem
557 2880 646 2941 humo
661 2877 813 2955 graditur3
835 2884 936 2939 contra
958 2878 1058 2954 pravis
1078 2878 1196 2939 actibus
1211 2893 1227 2938 a
1249 2879 1306 2939 dne
1320 2878 1451 2939 dedectit

275 2991 311 3038 ac
327 2975 405 3037 viam
421 2975 505 3052 plane
519 2975 684 3053 oppositam
699 2964 816 3038 incedit.
832 2972 921 3052 Ergo,
937 2990 1005 3036 cum
1022 2972 1138 3052 tempus
1152 2974 1251 3037 itineri
1272 2976 1451 3037 destinatum

275 3073 404 3150 desierit,
433 3074 631 3136 necessarium
653 3072 770 3136 omuino
789 3073 848 3135 erit
876 3080 909 3133 ut
934 3072 985 3149 qui
1011 3072 1090 3134 viam
1116 3073 1291 3145 cucurrerit,
1315 3088 1392 3150 quae
1412 3072 1451 3133 ad

274 3171 361 3232 finem
383 3170 519 3243 ducebat,
531 3172 622 3233 duem
644 3178 836 3249 assequatur;
854 3186 900 3243 ac,
914 3170 939 3231 si
956 3170 1031 3233 forte
1045 3170 1103 3233 levi
1124 3170 1253 3248 quadam
1275 3169 1451 3249 negligentia

274 3274 406 3331 moratus
427 3268 475 3341 sit,
496 3284 561 3329 eam
575 3266 674 3343 expiet
695 3275 784 3346 atque
806 3268 843 3331 ad
865 3269 954 3329 tinem
970 3268 1088 3330 tandem
1110 3268 1269 3345 aliquando
1287 3268 1448 3345 perveniat.

275 3363 428 3443 Vicissim,
450 3365 600 3428 consimili
622 3366 734 3439 ratione
749 3380 869 3427 necesse
891 3374 935 3427 εει
957 3373 990 3426 nt
1010 3367 1072 3444 qui,
1094 3367 1151 3427 tine
1172 3373 1350 3442 contempto,
1372 3366 1450 3426 viam

272 3463 389 3526 omniuo
405 3462 583 3525 contrariam
598 3462 704 3539 inierit,
727 3462 753 3523 is
776 3463 834 3523 tine
856 3462 997 3539 privetur.
1020 3460 1177 3540 Repugnat
1197 3464 1275 3525 enim
1291 3470 1323 3523 ut
1338 3462 1396 3535 via,
1410 3462 1450 3523 ad

274 3561 361 3624 tinem
383 3561 570 3631 decorando
587 3559 696 3633 ducat;
719 3567 748 3621 et
770 3575 822 3636 per
844 3561 980 3622 semitam
1003 3560 1054 3620 lini
1074 3560 1254 3622 contrariam
1277 3560 1344 3621 linis
1360 3560 1451 3621 attin-

273 3666 368 3735 gatur.
390 3654 469 3737 Ergo
498 3673 616 3721 necesse
637 3668 682 3720 cst
704 3665 736 3720 nt
758 3658 863 3720 saltem
893 3657 1010 3736 adeptio
1032 3657 1077 3719 vel
1098 3657 1220 3721 amissio
1250 3658 1317 3719 suuis
1346 3657 1446 3718 ultimi

273 3756 435 3817 custodiam
458 3756 502 3819 vel
524 3756 710 3819 violationem
731 3756 806 3834 legis
827 3755 973 3819 naturalis
988 3752 1141 3833 sequatur,
1155 3754 1279 3833 eiusque
1294 3753 1335 3815 sit
1356 3753 1448 3817 veluti

272 3851 385 3915 interna
397 3855 541 3932 quaedam
557 3860 586 3915 et
600 3854 744 3921 naturalis
759 3855 882 3917 sanctio.
894 3853 935 3916 At
951 3869 1021 3917 vero
1037 3854 1103 3915 linis
1118 3854 1236 3931 adeptio
1248 3853 1295 3915 vcl
1309 3852 1446 3923 amissio.

177 4002 181 4014 .
272 3964 348 4026 quae
369 3950 478 4013 intuitu
493 3968 613 4031 operum
636 3954 812 4031 conseratur,
829 3952 951 4030 praemii
972 3958 1024 4013 aut
1046 3967 1152 4029 poenae
1174 3953 1317 4015 rationem
1338 3949 1446 4012 induit.
1491 3996 1496 4008 .

276 4045 357 4125 Ergo
378 4057 433 4111 etc.

313 4144 515 4208 Nihilominus
543 4162 595 4223 pro
625 4148 707 4225 plena
733 4156 763 4209 et
793 4146 1015 4211 accommodata
1037 4148 1176 4225 operibus
1203 4146 1394 4210 retributione
1415 4147 1449 4209 id

272 4243 392 4306 minime
413 4244 536 4316 sufficit3
558 4245 610 4306 sed
630 4246 789 4324 requiritur
810 4246 909 4317 etiam,
932 4260 985 4322 pro
1006 4244 1188 4323 singulorum
1209 4245 1239 4307 in
1261 4261 1316 4309 suo
1335 4259 1445 4325 genere
