3159 4934
311 303 363 359 186
596 317 638 359 rus
657 317 784 360 urrunnu
801 336 811 344 -
830 314 898 358 nans
915 316 932 356 r.
950 314 993 358 rus
1010 313 1182 356 runrvtnusue

308 430 472 491 eommunis
492 438 656 492 ceterarum
676 430 818 492 mercium
834 444 980 506 mensura,
994 436 1083 506 atque
1102 426 1207 489 idonea
1228 426 1266 489 ad
1286 440 1388 487 earum
1409 440 1481 502 pre·

309 528 383 590 tium
405 527 678 603 repraesentandum
696 534 726 590 et
746 526 876 605 quolihet
899 524 1155 588 transvehendum.
1170 521 1252 587 Haec
1264 522 1399 602 poeonia
1412 529 1476 584 est:

308 641 384 705 quae
397 625 508 689 idcireo
522 626 651 688 eontinet
663 626 799 705 pretium
813 640 911 699 rerum
926 625 1073 700 emineres,
1086 633 1116 687 et
1129 622 1245 686 deliniri
1259 630 1371 701 posset:
1387 638 1481 683 merx

308 722 351 787 ad
374 727 545 787 reimerum
567 722 705 787 valorem
725 720 954 803 desipaondom
974 726 1006 785 et
1027 720 1286 787 transvehendum
1307 718 1479 783 destinato.

309 818 409 897 Porro,
425 830 458 884 ut
476 829 566 898 patet,
580 821 618 883 ad
640 837 747 884 munus
769 824 827 885 hoe
847 820 1037 899 implendum,
1057 836 1175 884 neeesse
1197 819 1313 882 omnino
1334 834 1390 882 nun
1410 827 1481 880 erat

308 928 342 983 ut
361 919 514 982 metallum
536 917 653 997 aliquod
674 918 862 998 deligeretur.
885 917 1085 983 Nihilominus
1104 917 1184 996 apud
1204 918 1300 981 cultas
1324 924 1427 996 gentes
1449 916 1479 978 id

307 1018 441 1090 invaluit,
455 1024 558 1094 utpote
577 1016 656 1094 quod
676 1031 728 1094 per
750 1034 782 1080 se
804 1018 964 1095 pretiosum
985 1023 1074 1091 esset,
1095 1016 1168 1078 satis
1189 1016 1353 1092 dividuum,
1374 1030 1480 1077 eorru-

309 1116 400 1193 ptioni
429 1114 527 1177 minus
547 1114 814 1187 obnoxiumiaeile
834 1115 873 1177 ad
899 1113 1121 1191 asportandum,
1141 1122 1171 1176 et
1191 1128 1286 1190 capax
1313 1111 1477 1189 reeipiendi
1553 1103 1554 1116 ¹

309 1213 508 1291 retinendique
528 1211 679 1291 puhlieum
693 1213 820 1293 signum,
834 1228 894 1291 quo
907 1212 1113 1291 obsignaretur
1132 1211 1171 1274 ad
1193 1211 1325 1273 vitandas
1345 1209 1478 1272 fraudes.

351 1308 399 1374 85.
422 1309 526 1377 illrum
549 1308 577 1376 in
600 1307 734 1395 penuria
754 1307 899 1396 separari
915 1306 1012 1395 possit
1032 1324 1109 1377 usus
1123 1324 1144 1375 a
1158 1305 1297 1376 dominio.
1319 1306 1366 1371 Ex
1387 1307 1481 1370 dietis

309 1409 395 1473 laoile
416 1417 496 1487 patet
516 1409 586 1487 quid
609 1424 694 1471 usum
714 1410 854 1486 pecuniae
874 1409 1042 1471 constituat.
1056 1405 1135 1472 Usus
1154 1408 1232 1469 enim
1253 1407 1295 1469 rei
1315 1404 1479 1468 cuiuslibet

310 1516 380 1571 tune
401 1508 536 1581 hahetur,
550 1522 618 1569 oum
639 1506 720 1568 illam
734 1507 910 1569 adhibemus
925 1522 979 1584 pro
994 1505 1121 1569 utilitate
1135 1505 1236 1583 aliqua
1257 1502 1362 1567 exinde
1376 1504 1480 1565 decer·
1554 1533 1555 1536 ¹

309 1606 412 1684 penda.
434 1604 476 1668 ht
495 1605 525 1667 id
547 1614 679 1682 respectu
706 1604 848 1683 pecuniae
872 1611 942 1668 tune
963 1604 1082 1684 aecidit,
1103 1618 1171 1666 eum
1193 1611 1262 1666 actu
1282 1617 1349 1665 eam
1369 1618 1480 1681 expen-

309 1705 418 1778 dimus,
442 1704 480 1765 ad
505 1718 567 1766 rem
589 1701 677 1765 aliam
705 1702 790 1764 nohis
818 1703 1062 1780 comparandam3
1084 1718 1135 1764 seu
1162 1716 1231 1764 eum
1256 1700 1380 1774 valores,
1400 1715 1478 1777 quos

309 1807 518 1879 repraesentat,
532 1815 635 1877 reapse
656 1800 821 1862 transvehit
840 1800 878 1863 de
898 1816 986 1863 manu
1007 1801 1037 1863 iu
1060 1815 1195 1874 manum3
1220 1800 1276 1862 hoe
1294 1799 1370 1861 enim
1393 1798 1479 1860 dum·

310 1905 394 1959 taxat
413 1897 598 1960 commodum
621 1898 716 1972 affert,
730 1906 876 1975 quatenus
897 1900 1019 1977 peeunia
1037 1907 1092 1962 est.
1108 1898 1150 1962 At
1170 1913 1240 1962 vero
1261 1896 1474 1975 pecuniarum
1555 1935 1556 1948 .

310 1993 492 2071 expenditur,
515 1994 670 2069 amittitur,
691 1997 783 2073 litque
804 1995 933 2059 alterius.
955 1994 1035 2074 Ergo
1056 1996 1187 2075 peeuma,
1210 2002 1298 2073 prout
1325 1994 1392 2056 talis
1418 2001 1473 2066 est,

310 2107 412 2153 earum
428 2106 526 2154 rerum
540 2108 660 2156 numero
675 2094 852 2172 continetur,
872 2110 957 2172 quae,
978 2094 1050 2155 dum
1066 2094 1253 2169 adhibentur,
1267 2093 1473 2155 absumuntur:

309 2196 399 2268 atque
418 2189 484 2251 ideo
505 2205 591 2251 usum
614 2206 682 2252 cum
708 2192 836 2255 dominio
863 2193 1053 2255 eoniundunt.
1075 2191 1150 2256 Eius
1171 2193 1248 2255 enim
1279 2197 1415 2269 respectu
1434 2190 1477 2251 ia·

310 2287 405 2350 cultas
427 2286 528 2349 utendi
548 2303 565 2348 a
585 2287 727 2352 facultate
754 2288 924 2353 destruendi
945 2289 990 2353 vel
1019 2291 1164 2353 alienandi
1189 2304 1246 2353 non
1274 2289 1478 2366 distinguitur.

309 2383 448 2448 Efficitur
467 2385 537 2447 hinc
553 2392 585 2447 ut
607 2387 730 2464 pecnnia
750 2385 817 2449 dari
838 2394 940 2451 mutua
960 2388 1045 2450 alteri
1066 2394 1191 2466 nequeat
1212 2402 1265 2465 pro
1285 2387 1402 2464 integra
1422 2385 1480 2447 uti·

309 2482 393 2545 litate
406 2482 558 2561 capienda,
574 2487 645 2562 quin
667 2484 805 2547 continuo
824 2486 955 2548 eiusdem
975 2485 1137 2548 dominium
1157 2501 1174 2547 a
1192 2491 1346 2547 mutuante
1365 2484 1398 2546 in
1417 2499 1482 2545 mu·

310 2580 470 2642 tuatarium
494 2581 697 2645 transferatur.

350 2674 398 2739 86.
420 2676 522 2744 lisura
542 2676 684 2745 absolute
705 2681 852 2762 speciata
873 2682 921 2744 est
942 2675 1058 2746 iliiuita.
1075 2678 1114 2744 Ut
1134 2680 1172 2743 ad
1194 2679 1369 2745 solutionem
1389 2694 1481 2758 quae⁴

272 2782 276 2791 ’
312 2774 424 2847 stionis,
444 2775 527 2839 initio
548 2778 724 2855 propositae,
740 2776 903 2851 veniamus,
922 2777 1004 2840 dieo:
1026 2794 1158 2852 usuram,
1173 2793 1225 2855 per
1246 2793 1278 2840 se
1299 2786 1329 2840 et
1348 2777 1483 2840 absolute
1557 2795 1558 2826 t

311 2880 485 2949 spectatam,
513 2875 576 2936 iure
603 2885 724 2937 naturae
752 2890 817 2937 esse
845 2873 989 2949 illicitam,
1018 2883 1170 2954 propterea
1199 2876 1278 2954 quod
1307 2883 1481 2939 eontraetus

311 2969 518 3048 aequalitatem
539 2988 595 3035 non
617 2979 724 3034 seruat.
741 2976 786 3035 Ae
808 2988 879 3035 sane
900 2982 1046 3047 mutuum,
1065 2989 1102 3035 ex
1122 2990 1181 3052 quo
1201 2974 1252 3037 illa
1274 2974 1432 3051 repetitur,
1445 2973 1483 3035 ad

312 3076 482 3130 contractus
503 3067 669 3131 bilaterales
692 3069 831 3146 pertinet3
845 3085 968 3148 quorum
984 3071 1118 3149 aequitas
1131 3072 1162 3133 in
1175 3071 1232 3134 hoe
1246 3072 1389 3145 cernitur,
1405 3071 1483 3150 quod

312 3173 436 3243 utraque
451 3181 520 3244 pars
534 3166 571 3228 ad
586 3168 755 3230 tantundem
772 3169 982 3246 praestandum
995 3169 1207 3248 adstringatur.
1222 3168 1303 3248 Ergo
1319 3176 1352 3231 nt
1367 3170 1483 3233 iustitia

281 3268 283 3274 ⁴
311 3270 415 3325 mutuo
436 3270 559 3337 constet,
579 3272 719 3343 quantam
746 3266 821 3327 alter
842 3266 996 3345 pecuniam
1027 3267 1077 3328 dat
1106 3275 1251 3341 mutuam,
1272 3274 1385 3330 tantam
1409 3267 1484 3330 alter

311 3362 614 3437 restituere⁴tenetur3
636 3364 780 3443 quidquid
801 3364 981 3442 adiungitur,
1002 3364 1031 3425 in
1048 3364 1257 3427 detrimentum
1277 3366 1342 3426 eius
1362 3373 1421 3439 est,
1442 3381 1487 3427 re·

312 3476 446 3539 pugnans
467 3461 637 3540 aequalitati
659 3466 797 3539 partium.
813 3461 870 3526 Sed
885 3463 998 3541 aliquid
1019 3479 1123 3542 reapse
1143 3464 1323 3544 adiungitur,
1339 3479 1412 3526 eum
1434 3479 1487 3541 ap

312 3560 430 3635 ponitur
452 3575 551 3621 usura.
572 3556 669 3623 Usura
690 3560 781 3638 igitur
802 3562 934 3623 iustitiae
953 3561 1138 3624 adversatur.
1161 3559 1224 3625 Nec
1249 3562 1288 3623 ad
1309 3562 1370 3623 vim
1392 3562 1486 3625 huius

311 3655 449 3719 illationis
469 3656 618 3718 uitandam
640 3657 728 3720 obiici
751 3666 846 3736 potest
866 3658 948 3721 valor
969 3675 1053 3733 usus,
1073 3661 1124 3737 qui
1146 3660 1176 3721 in
1196 3658 1414 3724 commodanda
1436 3674 1485 3736 pe

311 3754 395 3816 cunia
417 3752 501 3817 alteri
522 3756 706 3829 conceditur3
720 3756 876 3834 siquidem,
891 3766 924 3819 ut
944 3757 1057 3820 dietum
1071 3764 1126 3837 est,
1141 3773 1214 3819 usus
1228 3758 1292 3820 eius
1312 3772 1330 3818 a
1352 3756 1486 3819 dominio

310 3859 341 3911 et
363 3852 540 3928 proprietate
561 3868 616 3915 non
639 3851 745 3915 dillert.
1170 3922 1173 3927 ,

352 3943 399 4007 87.
415 3945 647 4016 diiiiouilalihus
661 3947 782 4017 satisfit.
798 3950 913 4030 inquiet
926 3951 1044 4029 aliquis,
1059 3968 1121 4014 rem
1136 3969 1192 4016 non
1213 3953 1257 4016 sie
1275 3952 1486 4031 metaphysiee

312 4055 379 4103 esse
400 4046 649 4121 considerandam,
663 4049 715 4111 sed
736 4049 897 4127 moraliter,
913 4058 1001 4127 prout
1014 4051 1164 4113 cummuni
1177 4050 1391 4113 existimationi
1412 4051 1488 4112 suh·

312 4146 375 4211 est;
388 4145 534 4204 communi
555 4159 651 4208 autem
667 4147 882 4210 existimatione
896 4148 1028 4223 separari
1050 4163 1137 4225 posse
1151 4148 1280 4211 valorem
1296 4156 1485 4211 constantem

312 4239 454 4317 pecuniae
475 4256 491 4301 a
513 4242 609 4306 valore
630 4261 713 4326 usus,
727 4246 844 4323 quoties
865 4245 915 4307 illa
937 4253 1089 4322 spectatur
1103 4252 1136 4308 ut
1152 4245 1385 4310 instrumentum
1398 4260 1488 4308 exer·
