3159 4934
313 303 348 360 66
829 315 967 368 :utun

312 439 341 495 et
363 430 399 493 ad
421 432 584 510 praemium
606 429 710 492 saltem
726 431 804 509 grati
816 429 906 522 animi
927 431 977 491 ius
994 431 1088 492 affert.
1104 429 1144 493 Et
1157 446 1236 504 saue,
1250 429 1387 508 quamvis
1401 428 1483 491 cari-

312 539 374 594 tate
394 531 489 608 patria
510 543 610 591 omnes
630 528 826 603 devincimur;
850 536 946 591 tamen
960 528 1027 608 quis
1041 529 1160 606 negabit
1174 528 1259 590 valde
1273 527 1379 590 mereri
1400 542 1481 605 eum,

311 628 362 707 qui
383 628 464 690 curis
484 628 620 691 omnibus
642 642 706 689 eam
721 625 880 704 illustrare,
895 641 1004 705 augere
1017 632 1047 688 et
1060 626 1098 689 ab
1113 625 1248 688 hostibus
1263 624 1338 687 tueri
1359 625 1481 686 studet?

311 724 451 804 Itemque
472 726 529 787 etsi
550 723 703 802 egentibus
724 739 811 802 opem
832 723 908 786 ferre
929 732 1053 787 naturae
1073 723 1137 803 lege
1157 724 1320 797 iubeamur,
1335 724 1403 801 quis
1418 738 1482 784 me·

310 823 401 884 ritum
423 817 542 901 negabit
562 822 599 894 ei,
619 821 670 899 qui
692 823 762 884 huic
784 823 881 885 officio
900 822 1104 900 optemperat?
1125 820 1207 885 ldern
1220 821 1269 884 dic
1283 821 1319 884 de
1333 821 1482 884 sexcentis

310 919 377 983 aliis
398 919 544 997 exemplis
565 919 681 996 generis
702 919 842 981 eiusdem.

351 1013 399 1080 62
420 1013 655 1080 Prorosrnoi
670 1013 774 1079 Homo
790 1013 911 1079 aciebus
931 1016 999 1080 scis
1019 1035 1131 1080 merere
1126 1017 1251 1095 'potest
1268 982 1317 1078 nel
1331 1014 1484 1080 demereri

247 1135 251 1139 ’
310 1117 406 1180 etiam
427 1115 514 1195 opud
531 1115 716 1178 societatem.

156 1254 159 1263 ·
265 1274 267 1278 ,
352 1212 438 1276 Prob.
459 1211 555 1276 Homo
576 1213 693 1275 actibus
716 1211 779 1275 suis
802 1218 898 1290 potest
918 1214 1129 1275 incrementum
1153 1213 1199 1276 vel
1213 1213 1422 1276 detrimentum
1438 1211 1483 1273 ai-

310 1314 469 1375 ferretum
491 1313 567 1374 boun
587 1311 736 1373 communi
757 1311 917 1391 societatis,
939 1319 1000 1373 tum
1023 1311 1098 1374 bono
1119 1313 1234 1388 privato
1262 1310 1417 1372 sociorum.
1447 1307 1482 1372 ln

312 1418 435 1519 utroque
456 1424 528 1471 casu
550 1409 625 1470 ratio
639 1407 750 1470 ordinis
765 1417 794 1470 et
741 1407 1005 1502 proportionis
1020 1409 1136 1512 exigit,
1139 1416 1171 1511 ut
1193 1408 1249 1485 ipsi
1270 1408 1300 1468 iu
1323 1405 1405 1517 bouis
1427 1411 1482 1466 aut

311 1605 485 1667 demeritum
508 1604 676 1665 dicuntur⁸
669 1620 699 1664 ru
720 1602 821 1665 ordine
840 1553 879 1664 ad
899 1553 1130 1677 retributionem,
1155 1554 1230 1681 quae
1255 1605 1289 1664 fit
1316 1601 1484 1663 secundum

309 1703 463 1765 iustitiam.
479 1699 647 1764 Retributio
662 1708 761 1762 autem
777 1701 968 1765 secuudum.
959 1701 1104 1763 iustitiam
1127 1703 1161 1762 iit
1181 1701 1270 1762 alicui
1290 1716 1326 1762 ex
1344 1715 1388 1773 eo,
1401 1700 1485 1777 quod

309 1801 372 1878 agit
386 1801 415 1861 in
432 1799 594 1876 proiectum
610 1798 656 1861 rel
672 1807 878 1862 nocumentum
892 1799 1024 1861 alterius.
1038 1797 1095 1861 Est
1115 1806 1214 1860 autem
1236 1792 1484 1862 considerandum

309 1901 388 1978 quod
403 1899 615 1976 unusquisque,
630 1898 658 1958 in
674 1897 773 1975 aliqua
789 1899 929 1960 societate
943 1899 1054 1971 vivens,
1069 1905 1114 1962 ost
1133 1897 1231 1974 aliquo
1253 1897 1340 1961 modo
1363 1913 1433 1976 pars
1451 1904 1484 1959 et

310 1998 475 2059 membrum
492 1995 583 2058 totius
598 1995 756 2057 societatis.
772 1992 956 2072 Quicumque
969 2011 1040 2073 ergo
1055 1995 1117 2073 agit
1130 1994 1243 2073 aliquid
1256 1994 1286 2056 iu
1304 1995 1414 2058 bouum
1436 1994 1483 2057 vel

310 2094 422 2156 malum
444 2093 570 2156 alicuius
591 2093 620 2154 in
643 2093 783 2155 societate
804 2091 966 2170 existentis,
987 2093 1044 2154 boc
1065 2093 1210 2155 redundat
1229 2093 1258 2154 iu
1280 2099 1373 2154 totam
1388 2092 1485 2154 socie-

311 2201 417 2278 tatem:
439 2193 517 2254 sicut
539 2191 591 2270 qui
604 2191 696 2253 laedit
717 2179 848 2264 manum,
861 2206 913 2268 per
931 2205 1112 2268 consequens
1125 2190 1216 2272 laedit
1230 2190 1390 2269 bominem.
1406 2188 1483 2253 Cum

309 2307 380 2370 ergo
401 2290 509 2368 aliquis
530 2290 593 2367 agit
613 2289 643 2350 iu
665 2287 773 2351 bouum
795 2287 840 2349 vel
861 2287 972 2350 malum
993 2287 1114 2350 alterius
1141 2289 1300 2366 singularis
1329 2303 1481 2366 personae,

310 2390 391 2452 cadit
411 2388 452 2451 ibi
474 2386 632 2467 dupliciter
654 2385 730 2448 ratio
751 2385 849 2447 meriti
869 2385 916 2448 nel
944 2385 1087 2447 demeriti.
1110 2383 1175 2449 Uno
1202 2387 1289 2450 modo
1317 2387 1484 2449 secundum

199 2505 203 2518 ·
310 2487 388 2564 quod
403 2486 528 2549 debetur
538 2485 565 2547 ei
577 2483 731 2546 retributio
746 2499 763 2545 a
778 2482 920 2561 singulari
937 2499 1071 2562 persona,
1085 2499 1175 2562 quam
1190 2486 1273 2548 iuvat
1287 2485 1332 2548 vel
1346 2485 1483 2557 offendit

311 2585 369 2647 alio
384 2586 470 2648 modo
487 2583 648 2646 secundum
664 2579 742 2658 quod
755 2580 879 2643 debetur
892 2581 920 2643 ei
934 2581 1090 2643 retributio
1103 2599 1120 2644 a
1136 2589 1198 2645 toto
1211 2581 1345 2661 collegio.
1357 2580 1485 2654 Quando

310 2697 380 2744 vero
394 2681 504 2759 aliquis
521 2681 637 2744 ordinat
651 2687 752 2741 actum
766 2678 876 2742 directe
894 2679 923 2740 in
946 2681 1054 2742 bouum
1068 2688 1099 2742 et
1112 2679 1222 2741 malum
1238 2681 1335 2744 totins
1356 2681 1486 2761 collegii,

307 2779 430 2842 debetur
450 2779 477 2840 ei
500 2778 655 2840 retributio
676 2777 770 2854 primo
791 2778 910 2855 quidem
931 2784 962 2839 et
984 2777 1184 2855 principaliter
1211 2797 1228 2839 a
1255 2786 1318 2842 toto
1349 2779 1486 2859 collegio,

306 2877 482 2938 secundario
503 2890 571 2938 vero
592 2875 631 2936 ab
653 2875 789 2937 omnibus
811 2874 924 2953 collegii
949 2875 1094 2951 partibus.
1118 2874 1193 2938 Cum
1213 2892 1281 2940 vero
1295 2877 1405 2956 aliquis
1419 2879 1486 2957 agit

305 2972 383 3051 quod
397 2973 426 3034 in
443 2973 549 3034 bonum
567 2973 719 3049 proprium
738 2973 783 3034 vel
799 2972 911 3034 malurn
926 2972 1030 3050 vergit,
1045 2973 1133 3035 etiam
1148 2973 1271 3036 debetur
1283 2975 1310 3036 ei
1324 2975 1486 3039 retributio

306 3071 335 3131 in
358 3076 501 3148 quantum
522 3069 611 3134 etiem
633 3071 689 3132 boc
711 3071 806 3148 vergit
827 3071 856 3131 in
882 3071 990 3132 bonum
1011 3085 1181 3144 commune,
1210 3073 1373 3136 secundum
1402 3075 1485 3152 quod
1578 3076 1579 3079 ’

309 3167 373 3246 ipse
393 3174 439 3230 est
461 3181 530 3244 pars
552 3165 668 3244 collegii
684 3164 735 3246 (l).
751 3188 768 3222 »

350 3259 397 3326 63.
419 3261 597 3326 Pnorosuuo
611 3260 653 3326 3⁸.
670 3260 773 3326 Homo
795 3261 916 3326 actibus
929 3263 997 3326 suis
1010 3265 1124 3327 mereri
1135 3268 1242 3345 polest
1261 3266 1311 3330 vel
1331 3265 1487 3331 demereri

310 3358 397 3442 apud
417 3359 528 3422 Deum.

350 3457 438 3521 Prob
454 3457 519 3520 Etsi
535 3455 637 3520 Deus
628 3474 658 3518 m
674 3473 705 3519 se
719 3458 817 3538 quoad
833 3459 981 3536 propriam
996 3462 1203 3538 perlectionem
1218 3464 1321 3542 augeri
1336 3473 1486 3543 nequeam

310 3558 410 3636 augeri
434 3564 531 3618 tamen
554 3563 652 3632 potest
682 3556 778 3633 quoad
809 3554 932 3653 gloriam
959 3558 1166 3635 extrinsecam,
1194 3569 1225 3622 et
1251 3563 1430 3656 ¹10an
1421 3563 1485 3640 ipsi
1507 3574 1568 3622 ··.··

308 3655 508 3718 exhibendum
529 3669 546 3716 a
569 3652 702 3716 rationali
723 3660 866 3715 creatura.
873 3648 1011 3731 Insuper
1032 3672 1100 3718 cum
1033 3643 1161 3719 sit
1185 3660 1367 3737 gubernator
1388 3655 1486 3724 totius

301 3754 436 3817 universi
458 3761 488 3814 et
509 3752 694 3830 potissimum
717 3751 868 3815 societatis
889 3753 1050 3828 bumauae;
1073 3754 1128 3817 sibi
1141 3757 1362 3832 quodammodo
1377 3759 1490 3822 tribuit
1513 3753 1519 3760 “

258 3871 260 3876 ’
310 3850 482 3928 quidquid
474 3867 504 3912 un
525 3851 635 3913 bonum
649 3849 738 3911 buius
755 3849 905 3913 societatis
918 3855 969 3911 aut
986 3851 1182 3914 membrorum
1197 3854 1261 3915 eius
1276 3856 1416 3919 efficitur.
1437 3856 1490 3922 Ex

310 3945 419 4021 duplici
433 3948 490 4009 hoc
504 3947 600 4025 eapite
615 3949 703 4011 bomo
717 3946 824 4010 mereri
839 3952 933 4024 potest
947 3947 1027 4024 apud
1043 3945 1148 4027 Deum,
1168 3960 1317 4028 quatenus
1339 3954 1490 4019 bonorem

309 4041 371 4107 Deo
391 4045 523 4108 debitum
538 4055 685 4123 procurat,
700 4054 729 4109 et
743 4053 888 4125 quatenus
903 4053 1067 4109 ceterorum
1083 4048 1233 4110 bominum
1255 4051 1343 4113 saluti
1365 4062 1396 4115 et
1419 4070 1494 4132 per·

358 4253 392 4314 (l)
410 4255 523 4304 Summo
541 4259 578 4307 ab.
595 4257 694 4307 1.“2.“θ
712 4272 735 4320 q.
752 4257 820 4312 xxi,
836 4273 857 4305 a.
875 4257 896 4305 3.
