3159 4934
300 289 357 347 dib
463 304 505 347 rus
521 304 668 347 numanu-
684 303 751 345 enns
768 302 803 343 ru.
822 302 864 345 rus
882 300 1110 343 rurunuarronaun
1127 298 1176 341 suu
1194 300 1308 343 cnmrmr

300 420 480 506 obligatione
494 425 627 481 tencatur
643 417 839 495 prospiciendi
853 418 927 481 bono
942 417 1099 493 sociorum,
1119 414 1227 492 quibus
1241 412 1402 485 coalescit,
1424 427 1480 473 ne·

270 546 274 551 ¹
301 518 369 596 quit
382 519 509 595 prolecto
523 517 570 578 bis
583 516 790 602 detrimentum
806 515 920 587 inferre,
936 520 967 575 ut
983 514 1053 575 bene
1067 514 1103 575 de
1117 512 1184 574 aliis
1206 518 1369 589 mereatum
1384 510 1478 573 modo

303 616 511 677 detrimentum
527 616 582 677 buc
602 630 659 676 non
679 602 720 674 sit
729 594 801 675 ιιιιι
823 612 896 685 leve,
910 621 940 673 et
954 612 1060 696 bonum
1064 610 1165 689 ,quud
1186 610 1252 671 aliis
1267 610 1402 681 affertur,
1418 624 1477 670 uun

303 714 343 775 sit
363 721 424 775 ιιιιι
446 719 609 789 praestans,
623 718 656 772 ut
670 719 749 773 recta
771 711 848 771 ratio
869 711 925 772 boc
946 690 990 771 illi
1010 709 1242 785 anteponendum
1264 707 1399 769 suadeat.
1424 705 1479 778 At,

305 819 429 888 excepto
450 810 506 873 boc
526 826 610 883 casu,
631 795 733 887 regu'la
754 807 899 887 generalis
924 807 973 870 illa
995 814 1050 881 est,
1071 822 1160 884 quant
1181 806 1341 867 innuimus.
1364 802 1478 877 Quam·

303 924 394 987 quam
419 909 496 969 enini
525 908 613 969 bomo
636 906 816 979 individuus,
837 906 888 985 qui
913 904 1116 981 suimetipsius
1139 912 1184 965 est
1213 903 1358 975 dominus,
1378 902 1478 980 possit

305 1020 373 1069 cum
395 1021 501 1082 magua
523 1004 608 1066 laude
632 1004 777 1093 iacturam
800 1005 941 1089 bonerum
962 1011 992 1065 et
1013 1004 1091 1065 ritae
1114 1004 1203 1064 ctiam
1225 1002 1330 1074 ιιιιιι,
1352 1009 1385 1061 ut
1409 998 1479 1062 aliis

305 1102 465 1180 opituletur
480 1100 581 1181 (lgm
597 1102 738 1163 tamenin
759 1116 913 1178 personam
930 1101 1069 1164 moralem
1087 1100 1237 1163 societatis
1258 1098 1414 1161 transferri
1429 1113 1480 1160 ue·

305 1200 381 1278 quit,
403 1200 459 1262 nisi
479 1198 635 1277 explicitus
656 1200 803 1261 sociorum
824 1214 984 1261 consensus
1009 1198 1141 1261 accedat.
1163 1194 1247 1271 Quod
1269 1198 1294 1257 si
1316 1211 1479 1257 consensus

306 1299 357 1361 bic
378 1297 473 1371 desit3
494 1298 575 1359 netas
596 1305 641 1359 est
655 1296 830 1375 populorum
845 1296 1020 1370 rectoribus,
1033 1298 1122 1367 cives,
1137 1311 1264 1373 quorum
1279 1294 1479 1356 incolumitati

306 1396 458 1459 consulere
479 1396 595 1468 debent,
615 1396 653 1458 ad
674 1411 763 1472 grave
784 1395 992 1457 detrimentum
1014 1394 1197 1457 subeundum
1220 1392 1480 1471 augmentabis

307 1495 523 1573 gratificentur;
545 1510 613 1555 curn
634 1493 701 1554 boni
727 1491 845 1555 socialis
870 1507 926 1554 non
947 1491 1007 1553 sint
1031 1492 1140 1555 domini
1162 1491 1214 1553 scd
1239 1499 1400 1564 curatores,
1424 1506 1479 1554 nec

307 1592 444 1657 heroicae
463 1592 583 1654 virtutis
604 1578 777 1653 exercitium
799 1607 816 1651 a
838 1590 966 1652 subditis
987 1589 1105 1667 exigere
1127 1590 1249 1665 possint.

367 1686 445 1751 Hinc
467 1689 628 1767 generatim
648 1688 759 1750 limites
781 1688 988 1751 beneticentiae
1009 1703 1079 1765 erga
1100 1687 1174 1750 alias
1189 1695 1301 1765 gentes,
1317 1688 1355 1749 ab
1369 1687 1479 1749 officiis

308 1786 494 1865 prospicendi
516 1788 590 1849 buno
605 1790 740 1865 propriae
754 1787 881 1849 nationis
902 1786 1037 1848 sumendi
1051 1793 1128 1847 suut.
1143 1782 1266 1856 Quoties
1281 1786 1369 1863 igitur
1384 1786 1479 1846 buius

306 1884 422 1945 iactura
445 1883 574 1946 timenda
589 1899 644 1945 non
664 1892 720 1962 est,
735 1885 823 1947 debet
844 1886 973 1962 prolecto
993 1885 1072 1946 natio
1091 1885 1214 1963 quaevis
1230 1883 1313 1947 alteri
1327 1884 1474 1961 opitulari,

309 1995 385 2059 quae
399 1980 472 2043 torte
487 1982 569 2058 gravi
584 1981 681 2061 aliqua
696 1982 856 2061 indigentia
871 1981 916 2045 vel
930 1983 1097 2045 calamitate
1114 1982 1392 2060 prematur,etiamsi
1402 1981 1471 2043 lere

308 2078 429 2155 aliquod
449 2080 665 2143 incommodum
686 2090 739 2143 aut
760 2081 922 2159 periculum
938 2081 1072 2143 subitura
1087 2082 1135 2143 sit.
1158 2079 1235 2143 Hinc
1257 2083 1282 2142 si
1301 2078 1409 2159 quando
1423 2078 1476 2140 in-

311 2176 436 2239 tercidat
457 2186 489 2239 ut
510 2194 581 2256 gens
601 2180 782 2242 contermina
804 2180 941 2243 intestino
962 2186 992 2242 ct
1012 2178 1092 2241 cirili
1114 2177 1188 2242 bello
1209 2178 1420 2249 lacerataque
1437 2185 1475 2238 ut

309 2276 348 2337 ad
361 2284 475 2338 certum
490 2277 641 2338 interitum
657 2285 733 2350 ruat,
747 2286 799 2339 aut
817 2294 882 2339 eam
896 2278 1006 2339 iniuste
1027 2285 1201 2355 praepotens
1222 2278 1317 2339 bostis
1335 2274 1478 2348 inuadat,

309 2373 541 2437 internetionalis
563 2374 673 2436 caritas
692 2376 773 2437 iubet
795 2383 827 2437 ut
841 2375 955 2438 vicinae
975 2383 1086 2454 gentes,
1100 2390 1134 2437 eo
1157 2375 1243 2437 modu
1264 2390 1323 2453 qun
1344 2381 1478 2451 possum,

309 2487 394 2549 opem
414 2473 517 2545 lerant,
537 2472 692 2551 ipsamque
713 2488 729 2535 e
751 2472 881 2549 periculo
899 2473 1043 2551 eripiant;
1065 2474 1237 2552 praesertim
1258 2474 1284 2533 si
1305 2488 1386 2550 gens,
1401 2486 1480 2547 quae

309 2571 530 2648 aggressionem
546 2570 665 2647 patitur,
680 2570 824 2632 auxilium
838 2569 910 2633 illud
925 2570 1070 2649 imploret.
1086 2568 1170 2643 Quod
1185 2572 1256 2632 dum
1277 2570 1399 2643 luriunt,
1419 2568 1478 2631 sibi

309 2669 400 2729 ctiam
414 2667 587 2742 consulunt;
608 2668 721 2730 malum
741 2669 819 2730 enim
833 2667 995 2732 vicinorum
1016 2671 1118 2747 nequit
1131 2668 1173 2731 ιιι
1191 2684 1221 2730 se
1237 2668 1383 2741 cohibere,
1401 2667 1480 2729 utin

310 2765 385 2827 alios
405 2766 509 2832 deinde
530 2782 587 2829 non
601 2775 785 2845 propagetur.
808 2764 893 2840 Quod
916 2766 992 2829 valet
1012 2779 1114 2829 contra
1129 2768 1259 2843 ineptum
1281 2765 1355 2827 illud
1371 2762 1479 2843 priuci-

313 2862 394 2941 pium
414 2864 451 2927 de
470 2882 534 2927 ιιι
555 2864 739 2940 interventu,
758 2866 838 2944 quod
858 2865 988 2928 nonnulli
1012 2864 1085 2927 iuris
1109 2863 1253 2927 naturalis
1280 2870 1481 2941 curruptores,

312 2962 408 3024 invita
424 2972 538 3037 natura,
549 2965 705 3028 obtrudere
719 2971 867 3042 satagunt.
882 2961 1057 3025 Huiusmodi
1072 2963 1258 3041 principium,
1273 2960 1381 3024 rationi
1395 2960 1482 3038 plane

313 3075 487 3139 repugnans,
509 3062 680 3124 damnatum
701 3070 747 3124 est
767 3058 920 3124 Pontificio
941 3060 1059 3123 oraculo
1081 3061 1128 3123 bis
1150 3061 1265 3123 verbis:
1290 3056 1483 3121 «Abstinere

313 3175 371 3222 non
385 3172 540 3237 possumus
560 3160 640 3238 quin,
656 3168 770 3237 praeter
785 3160 852 3239 alia,
867 3158 1052 3237 deploremus
1064 3159 1212 3221 funestum
1233 3174 1268 3220 ac
1284 3157 1482 3235 perniciosum

314 3256 505 3334 principium,
518 3256 597 3333 quod
618 3266 722 3319 vocant
743 3256 781 3320 de
800 3274 863 3319 non
885 3257 1074 3333 interventu,
1092 3274 1109 3318 a
1124 3256 1301 3334 quibusdam
1324 3252 1485 3317 Guberniis

313 3354 395 3436 baud
409 3353 451 3415 ita
463 3352 587 3431 pridem,
598 3355 702 3414 ceteris
717 3354 917 3431 tolerantibus,
930 3354 1153 3431 proclamatum,
1169 3361 1198 3415 ιι
1212 3352 1382 3414 adhibitum
1392 3352 1482 3413 etiarn

315 3467 384 3513 cum
405 3452 442 3513 de
455 3450 564 3512 iniusta
579 3449 705 3511 alicuius
719 3450 860 3513 Guberuii
882 3460 981 3514 contra
996 3449 1076 3514 aliud
1091 3450 1278 3529 aggressione
1299 3456 1426 3527 agotum
1443 3448 1482 3508 ita

315 3557 350 3641 ut
362 3549 508 3627 quaedam
524 3547 615 3611 veluti
630 3546 789 3624 impunitas
807 3565 843 3612 ac
862 3548 976 3612 licentia
992 3549 1150 3627 impetendi
1165 3564 1200 3609 ac
1215 3546 1372 3624 diripiendi
1388 3546 1483 3608 aliena

365 3770 399 3837 (1)
415 3768 549 3819 Praeclare
568 3768 678 3819 Tullius:
699 3769 807 3831 «Magis
824 3777 870 3831 est,
889 3772 977 3835 inquit,
1000 3772 1137 3821 secundum
1160 3778 1280 3819 naturum
1302 3784 1347 3832 pro
1368 3768 1487 3817 omnibus

316 3850 443 3912 gentibus,
458 3850 480 3897 ιι
496 3850 549 3897 lieri
568 3850 655 3911 possit,
671 3850 852 3901 conservandis
868 3858 894 3899 et
910 3852 1025 3901 iuvandis
1041 3852 1165 3901 maximus
1187 3850 1288 3899 labores
1306 3848 1488 3911 molestiasque

317 3930 456 3991 suscipere,
471 3928 612 3978 imitantem
627 3929 761 3979 Herculem
777 3929 854 3986 illum,
871 3946 945 3994 quem
957 3932 1088 3981 bominum
1106 3932 1174 3981 sama
1186 3930 1368 3979 beneficiorum
1381 3943 1489 3987 memor,

318 4008 344 4055 in
361 4008 466 4057 concilio
482 4008 627 4057 caelestium
644 4008 785 4068 collomavit3
803 4025 878 4073 qnam
897 4011 979 4059 virere
995 4013 1021 4060 in
1041 4012 1175 4062 solitudine
1193 4026 1242 4059 non
1259 4011 1336 4059 morlo
1359 4010 1415 4058 sine
1433 4008 1488 4057 ullis

319 4080 450 4146 molestiis,
471 4088 612 4137 sedetiam
634 4090 659 4137 iu
680 4090 797 4139 maximis
818 4090 995 4153 voluptatibus,
1018 4092 1187 4143 abundantem
1210 4091 1328 4141 omuibus
1350 4090 1440 4153 copiis,
1462 4095 1492 4136 ut

318 4165 427 4214 excellas
444 4168 520 4217 etiam
537 4168 704 4230 pulcritudine
720 4175 746 4219 et
764 4170 864 4220 viribus.
876 4170 999 4227 Quocirca
1015 4173 1110 4234 optimo
1125 4172 1230 4235 quisque
1248 4178 1274 4221 et
1284 4170 1491 4235 splendidissimo

318 4245 424 4307 ingenio
442 4245 515 4309 longe
531 4247 600 4297 illam
616 4248 693 4297 vitam
709 4250 768 4298 huic
784 4252 922 4314 anteponit.
933 4268 947 4296 a
965 4251 1003 4299 Dc
1020 4252 1084 4315 offic.
1102 4250 1123 4299 1.
1140 4242 1179 4311 lli,
1195 4266 1250 4315 cap.
1267 4250 1289 4299 5.
