3159 4934
207 354 292 397 uanur
310 354 334 395 n.
355 355 389 396 nn
407 354 571 398 orunnrtone
589 356 701 398 numana
719 357 805 400 rnour
823 358 975 400 oanmnnnn
992 359 1019 398 rn
1038 360 1117 402 bruun
1212 347 1248 403 69

73 485 180 532 narum
203 469 374 532 exercitium
396 485 450 532 suo
471 469 557 534 modo
578 471 746 548 opitulatur.
768 469 849 549 Ergo
870 471 905 534 de
930 474 987 535 hac
1007 488 1124 551 quoque
1152 485 1246 552 pauca

69 568 212 631 dicamus
233 583 350 630 neccsse
371 575 427 642 est,
448 576 590 646 quantum
613 568 749 632 videlicet
769 584 837 630 cum
859 569 1025 633 moralitate
1045 579 1165 633 actuum
1186 573 1246 632 hu·

74 682 229 729 manorum
251 667 446 729 connectitur.

114 763 315 838 Sensibilitas,
337 764 500 843 generatim
521 764 661 843 inspecta,
683 764 852 827 facultatem
876 773 939 827 tum
960 766 1152 844 cognoscendi
1182 777 1245 828 tum

71 863 230 940 appetendi
245 862 461 939 complectitur.
476 862 518 924 At
538 863 574 925 de
595 864 658 939 ipsa
680 869 767 940 prout
780 862 922 926 facultate
942 865 1134 940 cognoscendi
1150 865 1243 927 couti·

71 968 172 1033 netur,
188 971 262 1037 quae
284 975 336 1038 per
356 958 490 1022 diversos
511 977 615 1024 sensus
637 975 669 1022 se
689 959 807 1033 evolvit,
828 969 857 1022 et
878 961 906 1022 in
928 961 1136 1039 imaginatione
1157 962 1242 1039 quasi

70 1060 100 1118 in
117 1065 220 1120 centro
234 1057 395 1135 colligitur,
411 1056 487 1119 nibil
503 1058 648 1136 peculiare
663 1058 712 1120 hic
728 1058 883 1121 dicendum
898 1060 1035 1122 occurrit.
1053 1058 1109 1122 Per
1122 1075 1153 1122 se
1166 1061 1243 1123 enim

67 1156 183 1234 cuique
203 1162 294 1232 patet,
315 1170 379 1217 eam
402 1155 514 1218 nonnisi
536 1157 760 1218 instrumentum
782 1172 846 1218 esse
867 1157 997 1230 rationis,
1017 1157 1066 1219 cni
1087 1158 1243 1220 materiam

70 1253 341 1316 contrahendarum
362 1253 494 1316 idearum
516 1255 692 1332 suppeditat.
714 1250 864 1326 Quaenam
886 1270 956 1316 vcro
975 1255 1040 1316 eius
1063 1264 1168 1317 natura
1195 1258 1243 1333 sit,

71 1351 208 1430 quidque
228 1351 266 1414 ad
286 1351 461 1414 exercitium
483 1367 605 1415 suorum
626 1359 747 1413 actuum
769 1350 904 1429 postulet,
918 1351 949 1413 id
965 1352 1039 1413 satis
1054 1367 1200 1431 superque
1214 1353 1244 1415 in

71 1448 271 1528 Pspchologia
298 1449 495 1528 disceptatum
523 1456 576 1512 est.
600 1448 706 1513 Restat
726 1450 820 1528 igitur
841 1457 873 1512 ut
894 1450 930 1512 de
955 1449 1047 1512 altera
1074 1450 1140 1512 cius
1161 1458 1246 1528 parte

71 1550 316 1621 sermocinemur,
333 1565 409 1626 quae
430 1548 468 1610 ad
489 1548 695 1626 appetitionem
718 1555 840 1624 spectat.

112 1642 216 1722 Itaque
238 1645 383 1709 tendentia
404 1645 454 1707 illa
476 1645 584 1718 vitalis,
604 1661 663 1723 qua
683 1646 818 1708 animans
838 1645 868 1707 in
890 1645 998 1708 bonum
1019 1646 1155 1708 sensibus
1178 1661 1241 1723 pro·

72 1744 202 1820 positum
224 1745 428 1822 farinamque
449 1744 557 1806 amalo
578 1743 748 1817 retrahitur,
763 1743 880 1804 sensilis
901 1743 1042 1820 appetitio
1064 1745 1241 1805 nominatur.

71 1841 156 1905 Haec
179 1843 291 1906 nonnisi
314 1845 462 1907 obiectum
484 1844 633 1906 materiale
647 1853 677 1906 et
697 1852 866 1908 concretum
890 1845 1007 1923 proprie
1027 1843 1159 1921 respicit,
1175 1859 1244 1906 cum

71 1948 198 2018 nequeat
213 1957 351 2018 superare
366 1942 542 2019 principium
555 1959 571 2003 3
582 1958 640 2021 quo
655 1950 820 2020 generatur.
833 1938 865 2002 ln
881 1942 998 2004 homine
1010 1949 1108 2002 autem
1126 1948 1244 2019 propter

73 2039 319 2119 coniunctionem,
334 2056 424 2117 quam
448 2041 537 2102 habet
551 2056 618 2102 cum
642 2048 725 2118 parte
739 2040 885 2113 rationali,
899 2054 1107 2116 saepenumero
1129 2040 1243 2116 appeti-

75 2139 187 2199 tionem
202 2138 297 2214 ipsam
312 2137 470 2200 volunlatis
488 2138 568 2201 circa
590 2139 696 2200 bonum
711 2137 864 2215 spirituale
885 2139 1057 2210 comitatum
1072 2139 1112 2200 ita
1136 2145 1244 2212 tamen,

72 2245 106 2296 ut
119 2251 179 2298 non
193 2235 273 2298 circa
286 2235 359 2298 illud
375 2244 516 2317 versetur,
537 2237 588 2298 sed
611 2236 706 2299 solum
722 2237 801 2299 circa
816 2237 993 2314 phantasma
1016 2235 1245 2314 imaginationis,

72 2333 155 2410 quod
172 2347 228 2394 una
250 2349 318 2394 cum
333 2334 520 2418 conceptione
541 2333 648 2396 mentis
668 2333 825 2407 excitatur,
839 2340 868 2396 et
886 2334 916 2395 in
937 2349 996 2412 quo
1010 2334 1157 2396 obiectum
1171 2333 1244 2394 illud

74 2430 232 2508 spirituale
252 2431 467 2509 quodammodo
488 2431 606 2493 relucet.

112 2525 163 2592 66.
180 2526 254 2609 puio
271 2525 387 2612 passio.
404 2528 524 2592 Seusilis
538 2529 689 2608 appetitio,
704 2544 771 2591 cum
786 2529 939 2591 remissior
952 2536 1006 2606 cst,
1021 2529 1145 2590 affectus
1159 2527 1245 2589 dum-

72 2635 156 2688 taxat
177 2627 322 2704 quosdam
344 2627 505 2691 coustituit.
527 2626 570 2690 At
589 2628 619 2688 iu
639 2627 742 2690 altiore
769 2643 823 2689 suo
845 2627 939 2704 gradu
969 2627 1135 2688 subiectum
1157 2626 1245 2688 vehe-

72 2732 189 2786 menter
203 2733 377 2798 commovet‚
391 2740 444 2787 nec
459 2725 488 2786 in
504 2724 564 2787 sola
579 2723 719 2786 facultate
733 2740 765 2786 33
780 2725 917 2798 continet,
935 2723 987 2785 sed
1001 2724 1135 2800 corporis
1149 2724 1245 2801 ipsius

73 2822 352 2887 transmutationem
373 2824 535 2901 quamdam
557 2823 660 2901 gignit,
683 2831 799 2900 praeter
820 2829 930 2883 statum
951 2831 1121 2884 consuetum
1143 2831 1173 2885 et
1194 2839 1245 2883 ne·

72 2918 212 2981 turalem.
233 2917 267 2982 ld
298 2935 420 2982 cernere.
435 2929 481 2982 cst
512 2921 541 2982 in
563 2919 690 2996 homine,
711 2920 755 2982 ira
787 2929 931 2998 correpto,
952 2921 1038 2983 cuins
1070 2937 1103 2984 os
1135 2921 1245 2998 pallore

72 3017 263 3090 suffunditur,
285 3024 366 3079 artus
393 3019 631 3092 contremiscunt,
653 3017 812 3080 scintillant
839 3019 926 3081 oculi.
948 3016 989 3081 Hi
1010 3018 1244 3080 vehementiores

71 3115 278 3177 sensibilitatis
292 3122 389 3178 motus
404 3116 571 3194 passiones
585 3123 739 3189 vocantium
754 3132 830 3194 quae
850 3116 971 3193 proinde
992 3116 1106 3178 definiri
1121 3126 1245 3194 possunt
1333 3176 1335 3179 .

71 3218 125 3288 sic,
141 3221 174 3277 ul
195 3230 259 3277 esse
274 3215 422 3278 dicontur:
444 3213 656 3280 Vcitcmemlc'or
676 3215 822 3279 cccilufio
842 3215 968 3278 sensilis
989 3218 1159 3294 cppctilus,
1174 3234 1244 3278 cum

69 3316 199 3376 insucto
212 3313 348 3392 corporis
359 3315 564 3377 commotione.
577 3313 622 3376 En
633 3329 692 3392 quo
702 3320 800 3391 patet:
815 3315 965 3391 passiones
975 3313 1089 3390 duplici
1101 3315 1244 3376 elemento

70 3419 224 3474 constare:
245 3409 383 3474 nimirum
398 3419 466 3474 actu
480 3412 629 3476 facultatis
650 3412 817 3485 sensitivam,
831 3418 860 3473 et
875 3413 1119 3474 transmutatione
1133 3427 1184 3474 seu
1202 3409 1243 3472 al·

70 3508 220 3572 teratione
240 3511 410 3587 organismi.

113 3602 168 3669 67.
184 3602 433 3689 concupiscibilis
454 3611 485 3674 el
506 3603 679 3674 irascibilis.
695 3604 860 3681 Passiones,
875 3609 1070 3671 communiter
1091 3612 1243 3683 acceptae,

70 3703 213 3767 bilariam
228 3703 411 3778 dividuntur;
426 3705 455 3767 in
470 3714 582 3782 partem
598 3705 733 3769 videlicet
750 3704 1022 3786 concupiscibilem,
1037 3714 1067 3769 36
1082 3710 1111 3766 in
1127 3711 1240 3783 partem

67 3801 269 3868 irascibilem.
296 3800 394 3866 Prima
415 3820 465 3867 eos
486 3812 583 3868 motus
604 3805 753 3884 appetitus
774 3805 989 3883 complectitur,
1013 3807 1064 3883 qui
1087 3809 1244 3866 versantur

69 3906 156 3966 circa
179 3903 287 3964 bonum
308 3903 543 3980 prosequendum
565 3911 617 3965 aut
638 3903 747 3966 malum
770 3903 975 3979 aversandum,
997 3916 1049 3978 per
1071 3916 1101 3963 se
1122 3909 1152 3964 et
1173 3903 1245 3966 sim·

68 4001 192 4080 pliciter
210 4001 352 4078 inspecta,
374 4007 461 4077 prout
486 4016 589 4078 nempe
610 4001 717 4063 bonum
739 4007 791 4063 aut
812 4000 922 4062 malum
949 4007 1026 4061 sunt.
1049 3999 1152 4062 Altera
1173 4017 1245 4079 pars

69 4102 205 4163 continet
227 4099 388 4176 passiones,
408 4113 483 4174 quae
503 4098 663 4176 respiciunt
678 4101 783 4161 bonum
800 4104 853 4160 aut
867 4097 978 4159 malum
994 4115 1049 4160 non
1070 4099 1245 4177 simpliciter

71 4203 253 4274 spectatum,
274 4196 325 4258 sed
356 4198 571 4274 apprehensum
592 4203 624 4257 ut
655 4196 781 4258 arduum
802 4202 832 4258 et
862 4195 901 4258 ad
929 4198 1166 4274 consequendum
1197 4197 1246 4286 vel

66 4293 279 4358 declinandum
302 4294 429 4356 difficile.
451 4291 485 4357 ld
507 4310 575 4357 vero
596 4292 730 4372 provenit
749 4309 784 4357 en
805 4309 849 4374 co,
870 4295 948 4372 quod
970 4294 1007 4358 ad
1028 4295 1154 4358 alterum
1175 4309 1248 4356 con-
