3159 4934
338 275 375 332 86
854 289 992 330 ernrca

340 404 420 466 diate
440 404 545 478 tertnr;
567 405 640 466 haec
661 411 761 465 contra
783 403 822 465 ab
842 402 970 476 homine,
985 410 1130 481 potestate
1143 419 1161 465 a
1175 401 1238 466 Deo
1258 403 1289 464 in
1308 401 1442 464 eumden
1455 401 1502 463 de·

343 501 447 564 rivata.
463 499 527 564 Nisi
541 501 618 562 enim
633 501 707 564 haee
720 500 865 563 derivatio
879 501 1083 575 subaudiatur,
1093 501 1208 578 concipi
1223 502 1400 564 nullomodo
1412 508 1502 578 potest

339 599 419 678 quod
439 601 527 662 horno
548 599 659 662 homini
674 600 737 661 inre
750 600 884 677 imperet.
899 596 984 663 Prior
997 600 1123 676 dispesci
1138 599 1213 663 solet
1226 601 1256 660 in
1269 603 1438 672 ceterarum,
1450 615 1502 658 aa·

342 695 476 759 turtulam
496 705 527 759 et
544 695 729 774 positivam
752 696 905 774 posterior,
925 713 1002 775 quae
1023 697 1147 775 positiva
1168 713 1285 775 semper
1298 705 1355 775 est,
1369 697 1502 758 dividitur

339 795 369 856 in
391 791 630 858 ecclesiasticum
649 803 680 856 et
699 793 828 857 eoum.
843 792 906 858 Lex
925 804 1044 859 aeterna
1065 797 1140 860 nihil
1162 797 1244 860 aliud
1263 805 1319 869 est,
1337 796 1395 859 nisi
1417 796 1504 858 dicta·

339 907 407 954 men
428 891 544 953 divinae
565 891 726 969 sapientiae
752 900 783 954 et
812 893 972 956 voluntatis
997 896 1154 959 statuentis
1181 912 1226 974 ea,
1255 905 1332 974 puae
1359 903 1502 958 creaturae

339 991 437 1053 lacere
457 997 509 1052 ant
530 1005 633 1052 carere
652 989 758 1052 debent
780 997 814 1053 ut
835 992 987 1068 proprium
1015 995 1102 1056 linem
1130 1001 1336 1071 assonantur.
1365 991 1504 1055 Definitnr

341 1095 441 1150 autem
462 1105 479 1150 a
502 1086 531 1151 S.
546 1087 728 1162 Augustino:
745 1085 843 1152 Ratio
862 1089 912 1151 oet
930 1088 1077 1153 voluntas
1090 1088 1161 1167 Dei,
1177 1090 1316 1154 ordinem
1333 1090 1504 1153 naturalem

343 1185 523 1247 conseruari
541 1184 659 1262 iubens,
680 1185 861 1265 perturbari
878 1189 988 1250 vetans
1003 1187 1054 1268 (1).
1077 1186 1168 1253 Porro
1188 1189 1255 1252 eius
1277 1190 1465 1269 participatio
1478 1190 1503 1250 in

343 1283 479 1345 rationali
501 1292 645 1357 creatura,
666 1299 718 1346 seu
739 1284 803 1361 ipsa
823 1283 871 1347 tex
892 1294 1010 1348 aeterna
1031 1296 1177 1366 quatenus
1197 1288 1335 1350 rationali
1361 1296 1506 1362 creaturae

344 1397 397 1459 pro
418 1383 481 1444 suis
500 1383 665 1445 actionibus
684 1383 846 1461 dirigendis
865 1384 993 1447 naturali
1007 1385 1117 1448 lumine
1130 1384 1299 1460 innotescit;
1317 1386 1414 1463 legem
1431 1393 1505 1445 natu-

342 1481 434 1542 ralem
455 1481 614 1543 constitnit.
630 1479 711 1553 Quae
733 1473 855 1558 proinde
875 1482 948 1544 nihil
962 1491 1007 1544 est
1027 1483 1118 1557 aliud,
1132 1484 1188 1546 nisi
1203 1484 1267 1561 ipsa
1282 1484 1358 1545 ratio
1373 1481 1502 1553 hominis,

344 1586 430 1655 prout
444 1578 613 1640 discernens
625 1579 755 1641 actiones
770 1581 973 1642 convenientes
985 1588 1037 1643 aut
1051 1589 1248 1661 repugnantes
1262 1580 1391 1643 naturali
1409 1580 1505 1654 ordini,

343 1675 567 1753 prohibitionem
583 1676 629 1738 vel
643 1677 800 1754 imperium
820 1677 955 1740 divinum
971 1679 1053 1742 nobis
1066 1681 1161 1754 offert,
1178 1687 1209 1742 ut
1223 1697 1240 1742 a
1255 1680 1334 1742 malo
1355 1693 1504 1743 avocentur

344 1783 433 1851 atque
454 1773 491 1834 ad
512 1773 622 1836 bonurn
643 1775 807 1837 flectamur.

384 1868 445 1934 Lex
467 1883 536 1932 vern
557 1870 681 1948 positiva
703 1873 865 1949 generatim
885 1872 1017 1950 inspecta
1038 1890 1072 1936 ea
1093 1883 1149 1952 est,
1170 1891 1246 1953 quae
1266 1891 1322 1937 non
1346 1891 1400 1953 per
1420 1875 1505 1937 lnrnen

346 1965 488 2040 naturale,
508 1967 560 2030 sed
580 1967 665 2030 aliter
687 1969 770 2046 signo
791 1968 890 2046 aliquo
909 1978 1030 2034 externo
1051 1972 1267 2051 promulgatur,
1283 1988 1355 2036 voce
1377 1973 1506 2036 nimirum

302 2145 307 2154 Ι
344 2072 396 2127 aut
417 2065 542 2143 script03
570 2065 638 2128 lieet
663 2067 838 2145 quandoque
859 2069 1006 2132 naturalis
1032 2084 1096 2132 esse
1117 2072 1212 2148 possit
1233 2073 1347 2134 ratione
1369 2070 1509 2140 materiae,

343 2171 490 2242 quatenus
512 2164 625 2242 aliquid
652 2153 751 2227 iubeat
779 2173 831 2226 ant
861 2173 950 2240 vetet,
970 2168 1050 2244 qnod
1071 2169 1130 2229 iam
1152 2184 1203 2246 per
1229 2168 1396 2230 naturalem
1426 2169 1506 2246 legen

344 2262 458 2324 iussum
472 2268 584 2323 estant
599 2262 789 2338 prohibitum.
811 2259 942 2336 Quodsi
964 2280 1044 2326 mere
1067 2266 1190 2342 positiva
1208 2266 1260 2339 sit;
1283 2267 1320 2328 de
1341 2267 1382 2328 iis
1405 2264 1509 2336 statuit,

344 2375 421 2440 qnae
436 2360 464 2423 vi
479 2367 601 2422 naturae
622 2359 741 2440 definita
758 2375 815 2422 non
837 2368 916 2434 sunt,
930 2362 982 2423 sed
996 2379 1013 2424 a
1028 2362 1177 2424 voluntate
1198 2365 1361 2442 superioris
1383 2360 1512 2427 deterui-

343 2466 461 2522 nantur.
482 2458 582 2536 Atque
596 2459 670 2520 haee
692 2460 715 2518 sr'
738 2475 755 2520 a
777 2457 840 2521 Deo
855 2459 959 2532 fertur,
973 2466 1006 2522 nt
1019 2459 1066 2522 lex
1081 2461 1190 2523 veteris
1212 2463 1338 2524 foederis
1360 2471 1415 2524 aut
1435 2477 1511 2524 evan·

345 2557 448 2634 geliea,
464 2555 630 2633 appellatur
641 2555 753 2628 divina;
769 2556 816 2616 sin
830 2556 869 2617 ab
882 2556 1010 2629 homine,
1025 2557 1134 2619 dicitur
1149 2559 1287 2620 humana.
1300 2556 1385 2631 Quae
1401 2559 1508 2638 quiden

344 2654 474 2715 humana
495 2653 543 2731 lex
564 2661 686 2716 vocatur
705 2651 917 2732 ecclesiastica,
939 2655 964 2714 si
985 2652 1136 2717 Ecclesiae
1163 2657 1341 2719 auctoritate
1366 2659 1512 2726 sciscitor,

346 2759 468 2812 vocatur
489 2749 594 2823 civilis,
615 2751 641 2812 si
659 2751 756 2837 vfertur
776 2767 794 2812 a
817 2767 939 2829 persona
961 2751 1077 2814 civilem
1099 2753 1335 2816 iurisdietionem
1358 2755 1490 2818 habente

386 2845 519 2910 lamvero
540 2847 644 2910 ceteris
666 2846 791 2927 omissis,
813 2849 850 2910 de
871 2849 998 2911 naturali
1022 2858 1135 2912 tanturn
1156 2851 1221 2929 lege
1242 2853 1291 2914 hic
1314 2853 1474 2932 loquimur,
1486 2859 1512 2912 et

346 2954 557 3022 consequenter
577 2945 613 3006 de
634 2951 761 3019 aeterna,
781 2962 858 3024 quae
881 2946 960 3008 illius
981 2948 1131 3025 exemplar
1151 2957 1199 3012 est
1215 2957 1246 3011 et
1267 2951 1458 3028 principium.
1472 2949 1511 3011 lie

348 3043 473 3120 primurn
489 3059 525 3103 an
540 3042 589 3107 lex,
602 3043 694 3104 istaec
714 3043 858 3105 naturalis
880 3060 947 3106 vere
962 3045 991 3106 in
1005 3046 1123 3108 homine
1137 3049 1312 3124 reperiatur,
1326 3050 1512 3128 quemadruo

346 3140 416 3200 durn
438 3139 466 3200 in
490 3139 574 3201 titulo
596 3138 780 3217 propositum
802 3151 856 3220 est,
877 3141 1130 3220 investigabimus.

774 3367 1095 3438 PROPOSITIONES.

385 3523 434 3591 90.
457 3524 632 3590 Pnorosrrro
655 3528 696 3591 1⁵.
718 3527 839 3592 Exstat
860 3531 895 3592 e'u
914 3529 1035 3595 homine
1055 3532 1105 3596 lec
1126 3537 1297 3600 naturalis.

387 3624 473 3688 Proh.
497 3623 590 3702 primo
610 3641 646 3687 ex
668 3629 833 3697 testimonio
853 3630 1056 3694 conscientiae.
1079 3630 1155 3694 Narn
1176 3635 1303 3713 utrisque
1323 3637 1354 3698 in
1376 3655 1409 3701 se
1425 3634 1514 3700 vivide

347 3723 506 3798 experitur,
517 3737 553 3784 ex
569 3722 667 3784 innata
683 3723 710 3784 vi
727 3725 834 3786 mentis
847 3726 1030 3790 efflorescere
1044 3730 1175 3806 practica
1185 3733 1334 3810 quaedam
1347 3734 1514 3802 dictamina,

348 3819 454 3894 quibus
475 3834 532 3880 non
554 3821 640 3882 modo
660 3819 806 3883 indicetur
825 3823 897 3900 qnid
918 3832 1039 3887 naturae
1054 3834 1172 3893 nostrae
1186 3831 1288 3892 antini
1303 3835 1461 3897 conveniat
1474 3827 1514 3892 rel

348 3916 500 3994 discrepet,
524 3919 575 3980 sed
595 3933 714 3996 prorsus
735 3920 1041 4001 actionesnonnnllae
1066 3932 1218 4004 tamqnam
1239 3928 1385 3994 honestae
1414 3939 1444 3994 et
1470 3926 1514 3990 lini

345 4014 528 4076 necessariae
549 4017 777 4094 praecipiantur,
799 4017 874 4079 aliae
897 4027 1047 4097 tamquam
1068 4028 1168 4100 turpes
1183 4032 1214 4087 et
1227 4027 1280 4088 tini
1301 4030 1458 4107 oppositae
1474 4042 1516 4106 ve

398 4222 435 4284 (r)
455 4207 557 4272 conare
573 4225 714 4280 ranarum,
731 4228 772 4278 uo.
789 4227 829 4287 az,
843 4243 864 4278 c.
880 4227 919 4277 er.
