3159 4934
1299 54 1323 82 tf
1363 43 1436 80 ,ι’-ἐμή

1305 78 1344 114 <f
1362 79 1364 84 ·
1377 77 1406 102 r.N
1418 79 1435 92 f·-

1309 95 1426 142 ’μἺξίηῐιι

1317 140 1334 150 ι·
1349 138 1351 141 ⁴
1366 130 1375 149 0
1403 135 1407 142 ¹

411 309 495 353 unrur
512 310 546 353 ur.
565 310 599 353 nr.
617 307 707 351 uonna
725 306 894 350 oroenrronrs
910 308 1038 352 ιιιιιιιιιι
1269 290 1328 353 93’
1516 300 1553 334 ·.

1517 382 1528 406 t

137 422 256 486 latorem
272 422 395 498 afficiat;
408 440 461 486 uec
472 424 566 502 possit
580 404 665 485 aliter
679 424 766 484 finem
781 422 900 508 assequi
914 431 944 485 ιι
954 422 1150 485 obedientiam
1165 439 1310 501 supremo
1362 393 1379 447 ‘.

137 521 325 599 gubernatori
339 521 468 583 debitam
483 537 610 594 servare,
625 521 679 583 uisi
695 520 849 583 exerendis
865 519 910 583 vel
924 520 1105 583 declinandis
1129 521 1309 595 actionibus,

137 633 211 697 qnae
224 618 363 680 iubentur
376 626 429 680 aut
444 626 588 682 vetantur.
610 618 710 696 Atque
723 618 798 680 haec
814 616 933 679 moralis
947 618 1105 679 necessitas
1119 626 1166 679 est
1180 619 1310 681 eftectus

138 715 275 792 proprius
289 713 370 793 legis.
385 712 417 777 ld
433 731 501 777 vero
521 716 650 779 libertati
666 718 812 777 humanae
833 730 889 777 uon
910 716 1076 793 opponitur,
1092 716 1144 777 sed
1159 716 1309 795 congruit.

138 810 271 875 Libertas
293 815 370 873 euim
385 812 441 876 boc
462 812 527 890 ipso
547 812 627 891 quod
647 811 872 874 indifferentiam
894 813 990 885 adert,
1011 828 1144 876 normam
1169 812 1309 891 postulat,

137 925 196 987 qna
220 908 355 972 voluntas
380 910 525 989 dirigatur
550 921 579 973 et
606 910 644 972 ad
671 909 821 973 obiectum
850 909 908 972 sibi
936 909 1071 973 debitum
1091 910 1312 988 quodammodo

142 1008 358 1071 determinetur.
1165 1006 1167 1011 ’
1309 1059 1312 1068 ,

181 1102 271 1168 obite.
301 1103 338 1168 ll.
366 1103 396 1169 Si
424 1105 472 1168 len
498 1106 645 1169 naturalis
672 1106 804 1181 daretur,
828 1123 846 1168 a
876 1114 983 1169 natura
1010 1107 1139 1169 hominis
1160 1121 1309 1184 uunquam

136 1204 262 1267 abesset.
274 1202 318 1265 At
330 1203 487 1281 aliquando
501 1205 594 1267 abest.
607 1202 684 1265 Nam
699 1204 833 1284 infantes,
851 1211 953 1281 utpote
968 1204 1019 1282 qui
1034 1203 1147 1267 nullum
1163 1204 1309 1266 iudicium

136 1311 232 1364 meme
252 1300 412 1379 proterunt,
433 1301 653 1379 lege·naturali
673 1302 838 1380 privantur,
859 1316 936 1379 quae
961 1300 1079 1363 iudiciis
1101 1301 1223 1365 rationis
1243 1316 1314 1378 pra·

137 1399 230 1461 eticae
251 1400 425 1463 continetur.

175 1496 212 1562 R.
228 1493 313 1559 Desa.
329 1497 406 1559 mci:
421 1497 450 1559 Α
468 1505 573 1559 natura
588 1497 716 1560 bominis
737 1512 887 1576 nunquam
902 1497 1031 1573 abesset,
1047 1498 1144 1575 quoad
1160 1494 1309 1574 habitum,

137 1612 229 1670 conc;
251 1596 348 1673 quoad
369 1603 487 1670 actum;
508 1614 596 1675 nepo.

179 1690 318 1767 lulautes,
332 1694 383 1771 qui
398 1693 526 1755 noudum
548 1693 585 1755 ad
601 1710 686 1756 nsum
701 1694 827 1756 rationis
842 1701 1045 1772 pervenerunt,
1058 1692 1171 1755 nullum
1186 1694 1310 1772 quidem

136 1789 281 1852 iudicium
297 1791 459 1868 proterunt3
474 1807 509 1853 ac
528 1792 648 1869 proinde
662 1791 829 1854 actualibus
844 1791 1055 1854 dictaminibus
1072 1791 1146 1869 legis
1168 1792 1311 1854 naturalis

137 1894 247 1950 carent.
263 1888 402 1950 Attamen
418 1888 500 1950 illam
524 1888 672 1966 possident
693 1888 723 1950 ιι
738 1890 843 1951 babitu
863 1889 991 1967 quodam
1005 1888 1133 1951 naturali
1154 1897 1184 1952 et
1197 1890 1312 1953 contor-

137 1986 266 2048 matione
281 1986 376 2062 ipsius
396 1986 615 2065 intelligentiae,
629 2003 809 2066 quamquam
825 1988 863 2051 ad
880 1987 968 2049 buius
982 1988 1160 2050 exercendas
1180 1990 1310 2051 actiones

135 2083 265 2144 nondum
287 2084 501 2159 sint-expediti.
517 2082 582 2147 Hoc
596 2092 694 2146 autem
716 2086 884 2158 sollicitat
901 2086 948 2147 lex
969 2101 986 2147 a
1008 2092 1111 2147 natura
1136 2086 1246 2148 innasci
1261 2086 1308 2148 di·

136 2185 230 2242 catur.
247 2178 348 2253 Secns,
364 2180 389 2242 si
405 2196 520 2259 semper
535 2181 650 2243 actuale
664 2182 806 2245 iudicium
821 2182 994 2261 requireret,
1014 2184 1105 2245 etiem
1119 2183 1220 2260 adulti,
1237 2199 1304 2245 cum

136 2294 180 2341 ex.
196 2295 240 2357 gr.
257 2278 414 2356 dormiunt,
434 2295 470 2342 ιι
492 2280 685 2357 privarentur.
702 2277 803 2342 lmme·
817 2280 866 2343 lex
886 2282 994 2359 iugiter
1014 2288 1179 2343 mutaretur
1200 2297 1234 2343 ac
1257 2282 1308 2343 de·

136 2377 252 2453 sineret,
274 2378 383 2454 quippe
404 2393 471 2439 cum
493 2392 576 2439 mens
596 2378 715 2439 assidue
729 2379 767 2440 ab
787 2394 846 2442 uuo
865 2379 974 2441 iudicio
995 2378 1133 2440 adalind
1154 2378 1312 2455 gradiatur

137 2493 188 2555 pro
212 2476 355 2540 varietate
375 2493 484 2550 rerum,
505 2493 580 2555 qnae
605 2477 784 2539 obiiciantur
804 2486 855 2541 aut
877 2483 1150 2540 commemorantur.
1174 2475 1216 2536 At
1240 2490 1312 2539 vero

136 2590 251 2651 semper
272 2574 373 2636 eadem
389 2574 579 2637 conformatio
600 2574 810 2654 intelligentiae
831 2572 1030 2653 manetuuae
1047 2590 1114 2637 cum
1134 2574 1310 2637 exsistentia

133 2672 197 2749 ipsa
215 2671 366 2748 recipitur,
389 2679 418 2734 et
439 2688 496 2750 qua
518 2674 606 2735 bomo
627 2673 839 2735 determinatur
859 2673 895 2735 ad
917 2673 1108 2735 iudicandum
1129 2673 1160 2734 id
1180 2688 1245 2735 esse
1265 2673 1312 2733 la-

128 2757 281 2842 ciendum,
295 2769 371 2847 quod
394 2770 488 2831 ordini
510 2770 656 2849 congruit,
670 2771 750 2849 quod
770 2779 869 2833 autem
886 2770 980 2833 ordini
995 2777 1149 2849 repugnat,
1170 2787 1233 2833 esse
1255 2772 1308 2833 de·

136 2866 317 2929 elinandum.
992 2909 994 2913 ι
1284 2937 1287 2942 ,

180 2962 424 3028 deterrimae
445 2966 492 3054 ιιι
514 2965 657 3028 naturalis
677 2965 853 3045 adstruitur,
869 2974 902 3027 ut
923 2966 964 3027 sit
984 2980 1087 3028 norma
1109 2966 1258 3029 actionum
1280 2965 1311 3027 iu

135 3063 269 3126 homine.
281 3064 373 3141 Atqui
388 3064 426 3125 ad
440 3064 471 3126 id
485 3065 620 3126 sufficere
637 3072 732 3140 potest
747 3062 882 3141 voluptas
893 3070 944 3125 ιιι
960 3062 1051 3139 dolor,
1066 3064 1118 3141 qui
1135 3079 1172 3126 ex
1186 3063 1310 3127 obiectis

135 3162 274 3239 probola
289 3161 334 3223 vel
349 3161 454 3223 saltem
470 3162 532 3238 ipsa
547 3170 670 3223 naturae
684 3162 847 3239 propensio,
869 3178 926 3239 qua
949 3161 986 3223 ad
1008 3162 1121 3224 obiecta
1132 3161 1228 3238 ‚uobis
1242 3176 1312 3223 cou-

135 3259 283 3322 venientia
302 3258 487 3321 inclinamur.
512 3256 591 3338 Ergo
611 3258 660 3321 lex
681 3258 825 3321 naturalis
846 3267 893 3320 est
914 3274 1142 3337 supervacanea.

176 3356 213 3422 R.
241 3354 379 3420 Concedo
401 3356 556 3432 maiorem,
579 3364 609 3419 et
629 3375 706 3436 nepo
727 3357 886 3419 miraorem.
1057 3422 1062 3442 ‚

177 3452 267 3517 Dolor
280 3462 309 3517 et
325 3453 621 3533 voluptes‘neqneunt
636 3470 702 3517 esse
717 3469 818 3517 norma
834 3454 983 3516 actionum
1000 3454 1207 3525 bumanorum,
1221 3451 1310 3529 idque

137 3550 293 3629 multiplici
315 3553 435 3615 ratione.
457 3550 600 3626 Primum,
620 3552 691 3630 quia
713 3560 870 3629 utrumque
891 3559 936 3614 est
960 3550 1073 3628 aliquid
1098 3565 1205 3627 vagum
1221 3556 1251 3610 ιι
1264 3549 1311 3609 iu·

136 3657 253 3713 certum
272 3659 302 3713 et
317 3651 459 3714 mutabile
473 3659 503 3712 ct
519 3652 645 3727 pendens
660 3666 696 3712 ex
711 3650 942 3713 circumstantiis
956 3657 986 3711 et
1010 3650 1213 3712 allectionibus
1228 3648 1310 3710 acci-

137 3748 312 3812 dentalibus.
329 3748 448 3827 Deinde,
463 3750 532 3827 quia
548 3750 592 3811 sic
613 3749 684 3811 ordo
699 3748 822 3810 rationis
834 3747 952 3825 penitus
968 3747 1198 3808 subverteretur.
1214 3743 1308 3823 Saepe

136 3850 214 3911 enim
229 3849 343 3911 obiecta
358 3849 504 3921 interiora,
518 3862 594 3926 quae
609 3862 747 3925 supremo
762 3848 837 3911 bono
850 3846 940 3908 animi
955 3852 1152 3922 opponuntur,
1168 3844 1309 3907 maiorem

136 3945 361 4013 delectationem
374 3947 502 4020 aderunt
517 3954 635 4023 propter
649 3944 883 4015 sensibilitatem,
896 3957 972 4020 quac
983 3941 1110 4003 vividior
1124 3948 1168 4003 est
1183 3949 1213 4004 et
1228 3954 1309 4004 men-

137 4045 174 4106 tis
195 4044 340 4105 iudicium
363 4043 471 4105 turbat.
494 4041 723 4119 Tandemque
744 4040 796 4103 illa
818 4054 873 4101 nou
895 4046 964 4099 sunt
986 4038 1137 4116 proprium
1158 4041 1305 4102 obiectum

138 4141 269 4214 rationis,
292 4156 367 4217 quae
385 4140 515 4203 ordinem
537 4145 651 4216 spectat
676 4145 763 4215 atque
790 4136 822 4199 id
849 4136 928 4215 quod
956 4136 1052 4203 ordini
1079 4144 1125 4199 est
1154 4142 1310 4199 consentu·

137 4255 234 4301 neum.
248 4234 332 4301 Unde
347 4238 441 4316 prima
455 4253 522 4315 pars
534 4236 720 4299 difficultatis
736 4234 807 4297 laisa
821 4242 869 4296 est
882 4234 1112 4297 evidentissime.
1125 4232 1188 4297 Nec
1202 4232 1310 4294 mirum

1445 109 1458 140 β
1472 119 1505 153 ,a
1520 107 1537 137 2²
