3159 4934
267 290 305 346 tit
786 305 922 349 eunica

201 443 204 455 ·
271 417 364 481 videri
379 416 474 491 debet,
489 418 513 480 si
528 434 592 481 eam
605 418 739 497 probavit
754 416 909 481 Helvetios
924 419 981 499 (t);
995 420 1046 498 qui
1060 419 1134 483 nihil
1149 423 1178 482 in
1193 421 1311 484 homine
1326 427 1445 499 praeter

269 532 387 578 sensum
401 517 528 596 agnouit.
543 515 647 589 Quoad
661 516 785 579 alteram
800 532 870 580 vero
883 516 1068 581 difficultatis
1079 526 1203 595 partem,
1219 518 1374 595 propensio
1388 532 1444 581 seu

270 613 428 675 instinctus
448 622 569 677 naturae
590 613 751 692 opitulatur
772 614 893 692 quidem
914 616 952 678 ad
973 616 1119 679 actionem
1145 617 1320 679 exerendam
1346 624 1377 678 et
1396 616 1447 679 io·

269 711 378 775 dicium
393 712 540 792 quoddam
555 713 685 787 exhibet,
703 728 763 790 quo
784 712 914 777 ordinem
937 729 954 775 a
976 712 1039 777 Deo
1059 713 1088 776 in
1109 714 1198 776 rebus
1219 714 1442 777 constabilitum

268 810 473 885 coniiciamus;
490 819 520 871 at
535 826 633 873 veram
647 825 780 873 normam
795 812 935 889 operandi
951 827 1004 891 pro
1024 819 1090 875 ente
1111 811 1246 874 rationaii
1260 813 1444 876 constituere

269 924 454 986 naquaquam
471 914 575 986 potest.
590 908 650 971 llus
664 909 741 971 enim
755 908 925 983 huiusmodi
946 926 1003 973 non
1018 926 1105 973 caece
1119 912 1149 973 in
1169 910 1317 973 obiectum
1338 911 1445 985 fertur,

270 1006 320 1068 sed
337 1006 401 1069 luce
422 1006 640 1084 intelligentiae,
653 1022 710 1084 qua
726 1006 857 1070 ordinem
872 1008 992 1087 detegit,
1007 1010 1163 1088 ipsumque
1178 1009 1355 1071 servandum
1375 1024 1443 1071 esse

269 1104 391 1178 iudicat,
405 1105 521 1167 etiamsi
536 1103 614 1166 nulla
629 1104 778 1167 inclinatio
793 1105 962 1169 instinctiva
977 1107 1014 1169 ad
1035 1108 1064 1168 id
1087 1107 1233 1170 incitaret.
1249 1104 1289 1171 Ut
1303 1108 1442 1170 omittam

269 1213 383 1265 ceteras
404 1202 542 1277 rationes,
556 1219 633 1281 quae
653 1218 743 1281 supra
757 1202 794 1265 ad
809 1205 997 1267 existentiam
1012 1204 1087 1284 legis
1101 1205 1244 1267 naturalis
1259 1207 1441 1284 probandam

268 1300 415 1365 adductae
436 1309 514 1365 sunt.
1288 1332 1292 1342 ·

744 1498 915 1562 Annicunus
931 1496 967 1561 ll.

595 1627 646 1694 Dc
664 1631 824 1695 sanctione
845 1630 922 1711 lepis
942 1630 1113 1695 naturalis.

176 1824 179 1831 ’
257 1898 259 1903 ,
309 1827 358 1893 94.
374 1824 448 1909 Quid
463 1824 599 1893 Sanctio.
617 1824 734 1890 Sanctio
749 1826 917 1890 nominatur
932 1829 1096 1906 praemium
1111 1837 1163 1891 aut
1191 1844 1292 1907 poena,
1313 1845 1330 1890 a
1353 1828 1443 1908 legis·

270 1927 363 1990 latore
379 1942 430 2005 pro
445 1924 677 1988 custodientibus
692 1933 745 1987 aut
755 1926 1039 2003 transgredientibus
1053 1916 1149 2006 legem
1165 1928 1335 1990 constituta.
1350 1925 1440 1990 Porro

269 2026 342 2105 quid
364 2026 399 2087 de
420 2039 453 2086 ea
475 2032 611 2101 respectu
632 2024 706 2102 legis
727 2020 872 2086 naturalis
893 2024 1003 2088 lumine
1022 2027 1145 2089 rationis
1168 2026 1336 2100 doceamur,
1357 2042 1439 2088 sum·

269 2126 374 2186 malim
396 2124 573 2200 aperiemus.

696 2296 1019 2365 PROPOSITIONES.

310 2478 359 2544 95.
384 2464 557 2544 Paoeosimo
574 2476 614 2543 1².
636 2476 704 2542 Leo
724 2478 885 2541 naturalis
906 2480 1097 2543 sanctionem
1110 2478 1250 2561 aliquam
1264 2479 1440 2543 necessario

269 2576 332 2640 sibi
350 2577 497 2641 vindicat.

311 2674 457 2739 Probatur
478 2676 572 2752 primo
593 2690 629 2737 ex
650 2682 794 2753 conceptu
815 2674 954 2738 iustitiae.
970 2673 1058 2748 Nam,
1081 2683 1113 2737 ut
1134 2676 1316 2739 ostendimus
1337 2692 1440 2754 supra,

270 2776 359 2837 homo
380 2773 497 2836 actibus
518 2773 580 2835 suis
601 2781 730 2836 meretur
751 2780 803 2835 aut
824 2773 990 2836 demeretur
1011 2774 1090 2852 apud
1104 2772 1209 2835 Deum.
1226 2773 1319 2852 Atqui
1335 2774 1441 2838 merito

271 2872 442 2951 praemium,
465 2871 605 2934 demerito
627 2886 717 2948 poena
740 2871 907 2948 respondet,
928 2872 956 2932 ri
978 2870 1118 2932 institiae.
1141 2869 1223 2933 Deus
1239 2861 1346 2948 igitur,
1366 2870 1438 2933 dum

270 2973 411 3034 honestas
433 2969 561 3032 actiones
581 2968 662 3030 iubet
676 2984 712 3030 ac
727 2976 828 3045 turpes
844 2976 934 3040 vetat,
949 2967 1037 3031 debet
1058 2969 1187 3045 proiecto
1201 2976 1341 3046 utrasque
1356 2983 1441 3047 prae·

269 3070 328 3132 mio
346 3076 398 3130 aut
411 3083 502 3146 poena
519 3067 687 3145 rependere;
705 3068 806 3145 nequit
819 3066 895 3129 enim
910 3066 975 3129 eius
990 3066 1125 3131 voluntas
1139 3068 1177 3130 ab
1192 3067 1294 3130 ordine
1309 3067 1441 3130 iustitiae

270 3167 420 3231 recederes
447 3222 452 3244 ,

310 3262 374 3327 Hoc
388 3268 605 3341 argumentum,
618 3260 689 3322 dum
705 3261 909 3325 necessitatem
924 3261 1087 3323 sanctionis
1100 3276 1152 3337 pro
1167 3259 1231 3340 lege
1245 3261 1373 3324 naturali
1388 3262 1442 3324 de-

271 3369 423 3434 monstrat,
444 3360 572 3423 ostendit
592 3360 680 3421 etiam
696 3358 931 3438 Deumquottes
945 3367 1081 3422 nocentes
1096 3358 1191 3437 punit,
1205 3375 1262 3423 non
1277 3358 1439 3422 ulciscendi

270 3461 432 3539 cupiditate
453 3459 572 3539 moveri,
588 3458 637 3520 sed
659 3472 758 3519 amore
780 3465 894 3519 tantum
913 3456 1053 3521 bonitatis
1074 3465 1104 3518 et
1123 3458 1259 3536 ordinise
1269 3456 1440 3522 Retributio

269 3560 356 3637 eninr,
378 3572 454 3637 quae
475 3572 528 3634 pro
549 3556 831 3635 qualitateoperum
853 3573 889 3617 ex
910 3556 1012 3618 ordine
1032 3554 1162 3617 iustitiae
1176 3555 1336 3632 derivatur,
1352 3556 1443 3617 recti-

270 3658 380 3719 tudinis
400 3662 430 3718 et
450 3654 590 3717 bonitatis
611 3662 784 3732 conceptum
805 3652 955 3731 importat.
976 3652 1122 3731 Apposite
1136 3649 1166 3716 S.
1188 3650 1332 3714 Thomas:
1355 3673 1374 3710 e
1388 3653 1437 3715 Ad

270 3756 427 3831 perfectam
454 3751 508 3816 Dei
536 3752 695 3815 bonitatem
721 3753 847 3831 pertinet
873 3750 952 3827 quod
973 3750 1046 3813 nibil
1072 3750 1270 3813 inordinatum
1303 3752 1333 3812 in
1353 3751 1442 3813 rebus

269 3851 443 3929 relinquat...
466 3849 528 3913 Sub
549 3851 650 3914 ordine
670 3858 768 3912 autem
784 3849 926 3923 iustitiae,
939 3864 1015 3926 quae
1029 3849 1067 3911 ad
1082 3847 1291 3926 aequalitatem
1313 3846 1442 3923 reducit,

268 3950 556 4025 comprehenduntur
584 3964 628 4021 ea,
648 3962 725 4027 quae
753 3947 882 4011 debitam
908 3946 1103 4025 quantitatem
1132 3946 1297 4020 excedunt;
1323 3945 1445 4009 excedit

267 4053 367 4109 autem
390 4047 475 4109 bomo
490 4046 621 4109 debitum
638 4062 709 4109 suae
723 4044 900 4123 quantitatis
914 4044 1049 4123 gradum,
1065 4044 1135 4106 dum
1155 4042 1336 4106 voluntatem
1351 4058 1439 4106 suam

317 4257 354 4319 (1)
370 4259 410 4309 Dc
428 4257 550 4321 l'lt'sprt't.
568 4258 628 4309 dise.
645 4258 668 4318 3,
685 4259 722 4309 ch.
741 4257 761 4306 1.
