3159 4934
393 333 478 375 chnut
497 334 532 376 ιιι.
544 334 578 377 un
596 332 685 376 norun
704 332 875 376 onnnnrrorus
892 336 1020 378 uuuaucn
1240 324 1289 381 101

122 450 238 527 piterna
259 458 289 511 et
309 448 506 513 immutabilis
527 450 704 523 continehit;
725 464 861 527 unusque
880 449 937 513 erit
950 451 1114 513 communis
1128 450 1215 528 quasi
1230 466 1294 511 ma·

121 548 217 626 gister
237 554 267 609 ct
294 547 453 623 imperator
480 548 622 621 omnium,
642 545 733 611 Deus.
754 545 806 610 Ille
826 546 902 625 legis
921 547 1011 609 huius
1031 549 1176 622 inventor,
1196 548 1293 611 disce·

121 652 232 723 prator,
249 644 338 719 lator;
353 644 403 707 cui
418 644 538 723 quinon
554 645 677 723 parebit,
702 645 765 723 ipse
787 660 819 707 se
839 645 943 723 fugiet,
963 660 998 708 ac
1012 652 1148 708 naturam
1163 644 1292 708 hominis

116 750 308 821 aspernatus,
329 744 386 806 hoc
406 743 471 821 ipso
492 742 554 805 luet
576 742 722 804 maximas
742 757 861 821 poenas,
875 743 992 804 etiamsi
1013 751 1111 805 cetera
1132 741 1291 819 supplicia,

115 856 199 919 quac
220 846 370 919 putantur,
391 841 529 919 effugerit
544 838 595 919 (1).
611 860 629 896 »
721 842 723 849 ·

505 1070 683 1135 Solvuntur
696 1069 911 1151 difficultates.

163 1224 230 1303 103.
249 1230 343 1295 cotto.
358 1230 381 1296 Ι.
396 1230 457 1295 Lex
478 1232 624 1295 naturalis
644 1232 762 1295 iudiciis
783 1231 906 1295 rationis
925 1234 1101 1305 continetur,
1114 1246 1191 1310 quae
1205 1230 1291 1293 nohis

6 1332 7 1335 ’
114 1330 249 1393 divinant
271 1329 452 1393 voluntatem
475 1331 643 1409 significant
664 1330 744 1393 circa
767 1346 812 1404 ea,
833 1346 910 1408 quae
930 1330 1014 1393 nohis
1034 1330 1166 1392 iacienda
1187 1328 1234 1391 vel
1248 1328 1292 1390 vi-

116 1429 210 1491 tanda
231 1438 307 1491 sunt.
329 1429 372 1492 At
392 1445 460 1492 vero
482 1429 579 1492 divina
602 1428 738 1492 voluntas
759 1428 851 1491 lihera
877 1438 932 1492 est.
947 1426 1037 1508 Ergo,
1062 1429 1087 1489 si
1110 1426 1172 1490 Deo
1191 1427 1236 1489 sic
1255 1426 1291 1487 li·

115 1526 247 1599 hnisset,
257 1527 303 1589 lex
318 1527 464 1589 naturalis
479 1527 538 1589 alia
554 1534 710 1605 praecepta
726 1527 972 1605 complecteretur
983 1526 1130 1590 contraria
1145 1524 1204 1598 his,
1214 1540 1290 1604 quac

116 1624 207 1688 modo
223 1626 350 1688 exhibet.
366 1622 501 1703 Proinde,
517 1624 675 1688 mutabilis.
692 1625 816 1687 dicenda
837 1633 892 1688 est.
907 1622 1029 1697 Deinde,
1040 1621 1128 1701 ‘leges
1149 1624 1291 1700 physicae

116 1724 230 1785 mutari
252 1731 384 1802 possunt,
405 1723 508 1786 saltem
531 1740 548 1785 a
570 1722 647 1797 Deo;
667 1739 737 1802 crgo
758 1740 774 1785 a
798 1724 863 1801 pari
883 1724 930 1786 lex
953 1721 1104 1783 naturalis.
1119 1718 1228 1792 Tertio,
1250 1720 1290 1781 le·

113 1820 245 1899 gisiaco
266 1823 413 1884 humanus
434 1822 579 1903 abrogare
601 1830 697 1900 potest
717 1823 812 1902 legem
834 1840 851 1885 a
873 1838 905 1885 se
925 1822 1027 1884 latam.
1041 1820 1123 1899 Ergo
1143 1819 1289 1882 alortiori

114 1919 144 1979 id
169 1920 280 1995 poterit
299 1918 394 1995 Dens3
417 1936 501 1984 secus
521 1922 668 1985 inferioris
688 1929 767 1985 esset
787 1919 975 1994 conditionis,
988 1928 1049 1983 cta
1071 1936 1103 1981 re
1124 1919 1289 1982 extrinseca

115 2019 326 2081 necessitatem
347 2019 505 2096 acciperet.

156 2112 197 2177 R.
212 2114 259 2179 Ειι
274 2118 322 2191 iis,
337 2132 413 2195 quae
426 2119 577 2195 superiore
591 2119 717 2181 articulo
737 2118 891 2197 disputata
912 2125 991 2197 sunt,
1012 2117 1120 2196 oppido
1133 2116 1236 2195 liquet,
1250 2116 1291 2179 le·

114 2230 185 2293 gem
207 2214 371 2278 naturalem
392 2232 448 2281 non
469 2217 508 2279 ad
529 2216 621 2281 solam
638 2216 691 2280 Dei
706 2218 887 2281 voluntatem
902 2218 1034 2281 ordinem
1056 2216 1216 2289 includere,
1236 2215 1289 2279 sed

113 2314 207 2375 etiam
223 2313 261 2375 ad
275 2314 404 2377 divinam
420 2316 605 2392 sapientiam,
615 2315 758 2377 essentias
780 2327 879 2379 rerum
894 2330 1055 2393 earumque
1069 2314 1225 2377 relationes
1239 2328 1289 2375 ne-

114 2410 249 2473 cessario
270 2410 439 2474 dictantem.
461 2410 558 2485 Quare
582 2413 658 2476 ratio
679 2413 820 2477 honitatis
841 2419 894 2475 aut
915 2413 1056 2485 malitiae,
1077 2429 1153 2491 quae
1174 2412 1203 2473 in
1224 2412 1289 2490 lege

115 2506 248 2570 naturali
269 2509 451 2571 observanda
473 2510 519 2573 vel
539 2510 780 2589 transgredienda
794 2513 950 2590 reperitur,
971 2526 1028 2573 non
1050 2512 1136 2573 unice
1156 2511 1288 2573 dimanat

113 2622 154 2668 ex
170 2596 287 2669 divinae
301 2607 460 2670 voluntatis
473 2607 607 2687 imperio,
620 2610 671 2672 sed
697 2610 887 2687 potissimum
907 2626 944 2673 ex
964 2609 1123 2672 dictamine
1137 2609 1229 2670 divini
1244 2608 1289 2670 in·

115 2702 264 2783 tellectus,
293 2704 345 2783 qui
375 2722 473 2769 rerum
501 2708 645 2769 essentias
673 2708 897 2786 contempletur,
921 2714 1068 2783 quatenus
1087 2707 1287 2770 necessarium

113 2801 251 2864 ordinem
266 2803 418 2867 involvunt
439 2805 477 2867 ad
497 2804 626 2867 divinam
642 2805 811 2867 essentiam.
826 2803 921 2869 lmmo
936 2812 1088 2883 respectus
1103 2806 1140 2869 ad
1156 2805 1287 2868 divinam

113 2900 304 2978 sapientiam,
325 2919 441 2982 exque
462 2904 613 2966 derivatur
634 2904 776 2967 honestas
797 2904 843 2967 vel
865 2903 1027 2982 turpitudo,
1042 2919 1117 2982 quae
1138 2904 1287 2966 actionum

114 2997 308 3061 intrinsecam
334 3000 530 3063 morahtatem
556 3001 719 3075 constituit,
744 3000 838 3080 logice
863 3001 1013 3079 praecedit
1036 3008 1203 3079 respectum
1229 3018 1289 3081 quo

113 3096 237 3159 eaedem
251 3099 381 3160 actiones
395 3098 432 3160 ad
447 3100 576 3161 divinam
589 3100 769 3163 voluntatem
785 3100 1013 3179 praecipientem
1026 3099 1071 3161 vel
1083 3100 1285 3176 prohibentem

115 3196 292 3257 referuntur.
314 3194 396 3258 Deus
416 3196 492 3260 liher
512 3205 556 3261 est
576 3196 673 3275 quoad
689 3195 1023 3289 rerumwepgsisteptipm,
1043 3211 1100 3259 non
1120 3197 1290 3287 essentiam,

115 3302 170 3355 aut
190 3309 225 3355 ea
245 3309 321 3373 quoe
341 3311 409 3358 cum
431 3295 559 3359 essentia
579 3296 743 3358 necessario
765 3302 985 3358 connectuntur.
1005 3273 1213 3373 Ergoffiit
1233 3294 1288 3355 irn-

117 3399 233 3455 mutare
252 3393 364 3456 malum
379 3401 431 3457 aut
445 3396 571 3470 honum3
586 3396 664 3474 quod
679 3396 791 3459 idcirco
811 3395 870 3458 tate
890 3401 935 3459 est
954 3403 1059 3459 natura
1080 3410 1142 3471 sna,
1157 3394 1227 3473 quia
1243 3394 1287 3457 sic

117 3488 256 3552 adivina
284 3493 428 3570 sapientia
450 3493 588 3556 dictatur.
610 3490 768 3571 Supposita
789 3500 888 3557 autem
916 3494 973 3555 hac
1000 3493 1113 3555 interna
1138 3491 1287 3555 actionum

119 3587 248 3652 bonitate
268 3591 314 3654 vel
334 3592 457 3667 malitia,
471 3593 571 3671 nequit
586 3592 685 3654 divina
703 3591 850 3670 voluntas,
871 3607 947 3670 quae
968 3592 1133 3655 rectissima
1153 3597 1209 3663 est,
1230 3606 1287 3653 non

115 3688 286 3767 praecipere
307 3692 447 3765 actiones,
467 3706 544 3769 quae
563 3690 656 3755 honae
675 3698 744 3753 sunt
765 3697 795 3753 ct
814 3691 943 3754 hominis
962 3684 1085 3770 naturae
1106 3696 1286 3766 congruuut3

6 3796 7 3799 ’
112 3792 239 3849 autnon
254 3787 410 3865 prohibere
430 3804 489 3869 eas,
503 3805 578 3867 quae
592 3788 687 3852 malae
702 3796 771 3851 sunt
785 3798 816 3853 et
830 3791 957 3853 hominis
969 3797 1093 3851 naturae
1113 3793 1286 3865 repugnant.

156 3884 257 3963 Atque
267 3886 338 3948 hinc
350 3893 431 3964 patet
442 3902 615 3965 responsum
630 3888 667 3950 ad
683 3888 844 3952 secundam
855 3895 886 3951 ct
901 3888 1018 3950 tertiam
1034 3895 1147 3963 partem
1162 3885 1287 3949 difficul-

115 3982 196 4045 tatis.
212 3980 290 4046 Nam
309 4000 450 4065 magnum
464 3980 622 4049 discrimen
637 3994 684 4049 est
697 3986 774 4049 inter
787 3986 868 4063 leges
884 3985 1024 4063 physicas
1039 3984 1288 4062 mundicorporei

114 4092 147 4145 et
156 4082 252 4161 legem
265 4084 406 4147 moralem
421 4084 557 4148 hominis
571 4084 639 4147 illae
653 4100 721 4147 cum
736 4084 864 4147 essentia
879 4098 977 4146 rerum
992 4097 1049 4145 uon
1064 4089 1290 4156 connectuntur,

165 4295 200 4358 (l)
218 4295 283 4345 Vedi
299 4296 486 4357 Lacrnumunr,
501 4296 624 4349 Institut,
640 4294 810 4369 divinorum,
825 4294 847 4345 1.
864 4292 887 4355 6,
902 4309 925 4344 c.
942 4292 965 4343 8.
1042 4325 1048 4337 ·
