3159 4934
363 322 447 366 csnur
466 324 483 364 1.
503 325 537 366 nn
554 323 694 367 socrnrnrn
712 324 857 367 nounsrrcn
1139 314 1193 372 205

64 437 295 510 Matrimonium,
315 435 404 499 etiam
425 436 590 514 inspectum
611 445 644 500 ut
669 447 849 511 contractus,
870 440 986 502 excedit
1006 440 1080 502 alins
1102 457 1194 519 qnos·

22 551 160 616 cumque,
189 551 255 599 cum
284 550 335 614 pro
364 535 488 596 materia
516 537 625 598 habeat
650 552 707 599 non
736 553 783 599 res
808 536 937 600 dominio
957 539 1117 612 subiectas,
1139 540 1191 603 sed

22 639 118 712 ipsam
141 648 294 713 personam
309 632 445 706 hominis,
464 649 550 711 quae,
563 634 659 711 quoad
676 641 789 711 partem
805 634 862 707 sni,
876 634 961 697 alleri
975 636 1099 698 ceditur.
1113 633 1192 700 Hinc

23 734 131 795 mirum
154 747 208 796 nou
229 740 274 794 est
295 731 320 794 si
341 732 536 810 qualitatihus
557 732 674 810 gaudet,
695 732 754 794 sibi
777 740 890 794 tantum
913 733 1049 814 propriis,
1074 749 1151 811 qnae
1175 751 1193 796 a

23 831 173 894 uoluntate
187 830 420 893 contrahentium
435 845 620 908 nequaqnam
635 829 789 908 pendeant.
805 828 883 892 luter
898 829 955 892 has
974 829 1039 892 inre
1061 846 1192 895 recense·

22 938 72 991 tur
86 928 203 992 duratio
216 928 346 992 eiusdem
361 935 511 1006 perpetua,
525 929 595 990 dum
611 927 672 990 vita
688 935 785 990 manet
800 928 830 990 in
845 928 1028 1007 coningibus.
1043 927 1194 1003 Ceterum,

23 1034 57 1090 ut
78 1028 150 1101 diri,
168 1027 386 1090 matrimonium
401 1027 477 1088 iuter
491 1025 670 1088 christianos
684 1041 740 1088 non
756 1033 853 1104 potest
866 1026 996 1104 amplius
1010 1026 1192 1090 considerari

24 1133 59 1187 ut
79 1134 177 1187 merus
198 1131 374 1201 contractus,
397 1123 448 1186 sed
474 1123 591 1186 omnino
621 1123 866 1187 considerandum
886 1133 933 1187 est
954 1131 988 1186 ut
1007 1140 1100 1188 novae
1119 1124 1193 1203 legis

23 1229 252 1298 sacramentum,
266 1222 345 1300 quod
365 1222 404 1284 ab
421 1221 564 1301 Apostolo
579 1237 716 1300 magnum
737 1221 912 1300 appellatur,
933 1222 1044 1284 ratione
1065 1237 1135 1284 suae
1148 1222 1189 1283 si·

22 1321 237 1400 gnificatiouis:
258 1317 498 1383 Sacramentum
519 1317 574 1382 lunc
594 1336 744 1398 mapnum
764 1322 829 1394 est,·
850 1337 903 1402 epo
931 1322 1035 1382 numm
1062 1319 1129 1384 dico
1156 1320 1191 1382 r'n

26 1417 155 1484 mutem
168 1422 216 1481 est
235 1418 269 1481 in
283 1415 427 1481 Ecclesia
441 1416 492 1498 (l).
507 1416 642 1481 lamvern
655 1418 759 1481 exinde
774 1418 962 1496 potissimum
975 1418 1112 1482 absoluta
1126 1419 1191 1482 eins

21 1515 269 1581 indissolubilitas
289 1515 448 1579 derivatur.

65 1612 161 1679 Odiic.
182 1613 218 1678 ll.
240 1611 406 1692 Disperitas
433 1615 598 1677 animorum
626 1622 678 1676 ant
706 1614 837 1691 perversi
864 1628 961 1676 mores
981 1619 1120 1693 poterunt
1139 1614 1194 1676 ali·
1254 1659 1259 1672 .

21 1713 139 1792 qnando
160 1711 373 1791 impossibilem
400 1711 520 1775 reddere
541 1721 676 1774 mutuom
698 1712 867 1774 convictum
889 1713 1056 1790 coniugum.
1078 1711 1111 1775 ln
1132 1713 1190 1776 hoc

21 1826 91 1873 casn
107 1825 275 1889 repugnans
289 1810 393 1872 rationi
409 1809 533 1889 videtur,
548 1820 582 1872 ut
594 1809 650 1887 ipsi
671 1809 821 1872 insolubili
843 1809 959 1873 vinculo
980 1808 1112 1890 colligati
1127 1826 1191 1889 per·

20 1915 168 1970 maneant.
183 1906 216 1972 ld
229 1908 307 1980 enim
320 1907 502 1971 innocentem
519 1915 633 1986 partem
648 1915 765 1985 cogeret
778 1908 816 1969 ad
831 1909 999 1971 castitatem
1013 1908 1189 1972 servandam

21 2005 125 2070 invite.

60 2101 100 2168 R.
128 2099 219 2167 Oonc.
241 2106 339 2166 antec.
360 2111 391 2166 et
409 2120 487 2182 nepo
503 2119 699 2181 consequens.
721 2102 919 2168 incommodis
940 2104 1061 2168 enimet
1077 2112 1193 2183 pertur-

23 2201 199 2276 bationibus,
219 2217 295 2280 qnae
315 2218 351 2264 ex
373 2201 518 2281 pravitate
531 2202 619 2264 nnius
634 2203 767 2281 coniugis
787 2204 862 2265 torte
876 2202 1021 2276 oriuntur,
1042 2204 1116 2265 satis
1132 2219 1193 2266 me·

22 2300 111 2362 detur
133 2300 291 2363 divortium
315 2300 529 2377 imperfectum,
554 2300 632 2379 quod
656 2302 695 2364 ob
719 2317 826 2379 graves
851 2316 957 2363 causas
981 2300 1095 2363 licitum
1125 2317 1193 2363 esse

22 2399 162 2462 diximus.
177 2395 261 2472 and
276 2406 374 2461 antem
390 2398 574 2476 separatione
588 2407 717 2477 peracta,
732 2399 869 2461 innocens
892 2414 960 2476 pars
982 2399 1189 2461 continentiam

23 2510 142 2560 servare
157 2501 298 2568 teneatur,
311 2494 381 2558 licet
394 2495 485 2557 invita
500 2503 531 2557 ct
544 2496 607 2558 sine
625 2495 722 2574 culpa,
735 2495 762 2560 si
777 2511 866 2574 grave
880 2502 936 2568 est,
952 2495 1071 2558 tolerari
1086 2495 1189 2569 dolrem

22 2593 102 2657 sicut
123 2592 265 2656 toleratur
284 2593 323 2655 ab
343 2592 391 2665 iis,
405 2593 464 2670 qni,
480 2592 549 2655 licet
563 2595 747 2670 nupturiunl,
761 2600 857 2655 tamen
878 2609 915 2655 ex
937 2600 1120 2671 paupertate,
1136 2601 1190 2656 aut

22 2693 135 2767 morbo,
157 2700 210 2754 aut
228 2691 286 2754 alio
307 2691 421 2753 delectu
443 2692 551 2752 nubere
573 2689 773 2769 prohibentur.
787 2689 886 2768 Atque
901 2690 932 2751 id
949 2690 1037 2753 rebus
1051 2691 1190 2752 humanis

22 2792 95 2854 vitio
118 2789 287 2853 vertendum
307 2797 362 2864 est,
383 2804 458 2867 quae
479 2803 595 2866 semper
615 2788 645 2850 iu
666 2789 837 2867 particulari
857 2788 956 2867 aliquo
977 2803 1049 2851 casu
1064 2789 1190 2852 delicere

22 2895 156 2968 possunt.
178 2884 315 2950 Ceterum
337 2886 362 2947 si
383 2887 440 2950 hoc
461 2886 569 2949 malum
592 2902 660 2950 cnm
681 2886 767 2965 longe
787 2887 984 2950 deterioribus
1007 2886 1091 2949 malis
1112 2902 1193 2950 com·

22 2993 155 3066 paretur,
175 3001 250 3064 quae
271 3000 327 3048 nnn
342 2985 371 3047 in
387 2985 530 3063 privatam
547 2999 713 3063 personam,
734 2985 786 3046 sed
811 2984 840 3047 in
863 2992 954 3047 totam
970 2984 1140 3049 societatem
1155 3001 1192 3048 ex

21 3071 217 3147 dissolutione
234 3083 400 3160 nuptiarum
421 3083 555 3155 linerent,
575 3081 757 3145 tolerabilius
771 3092 852 3145 certe
867 3082 1028 3158 videbitur,
1041 3099 1131 3162 qnam
1147 3099 1193 3146 so·

20 3183 96 3246 lutin
118 3180 226 3244 vinculi
247 3179 401 3243 maritalis.
416 3181 516 3258 Atque
535 3179 605 3242 hinc
625 3179 714 3241 etiam
729 3194 904 3257 responsum
920 3187 1000 3257 patet
1014 3180 1189 3254 difficultati,

19 3297 98 3360 quae
118 3295 155 3342 ex
177 3279 331 3341 sterilitate
345 3277 477 3356 coniugis
493 3277 629 3339 sumitur.
646 3274 724 3339 Nam
746 3278 897 3356 susceptio
918 3278 1079 3341 liberorum
1093 3278 1123 3339 in
1137 3278 1191 3338 hn-

22 3377 102 3440 mine
122 3375 272 3439 individuo
294 3391 350 3438 non
369 3383 414 3437 est
429 3373 512 3448 tanti,
527 3382 559 3436 nt
574 3373 742 3452 praevaleat
762 3374 866 3438 maiori
888 3375 972 3448 bono,
986 3389 1023 3436 ex
1045 3371 1192 3452 perpetui·

23 3481 87 3538 tate
108 3473 214 3538 vinculi
236 3471 397 3553 coniugalis
415 3472 446 3534 in
468 3472 638 3536 universum
660 3486 752 3551 genus
773 3472 925 3535 hominum
947 3470 1136 3550 provenienti.

485 3667 653 3731 Armenius
678 3665 731 3732 lv.

211 3800 259 3866 Dc
278 3800 429 3865 relatione
450 3799 631 3863 matrimoni
649 3818 719 3863 oum
738 3801 892 3881 potestate
912 3797 1006 3862 ciuili.

67 3959 113 4030 16.
136 3961 231 4032 Error
253 3959 456 4049 polilioorum.
472 3958 577 4024 Omitti
592 3961 641 4023 hic
657 3976 711 4025 non
727 3961 815 4024 debet
831 3959 973 4038 quaestio,
986 3959 1016 4021 in
1031 3974 1089 4037 qua
1103 3958 1192 4022 inris-
1279 3983 1287 4000 ·

21 4061 112 4140 periti
130 4076 187 4125 non
208 4062 294 4139 pauci
317 4076 491 4139 magnopere
511 4059 690 4123 delirarunt:
712 4061 772 4137 qui,
794 4075 862 4123 cum
883 4060 1069 4122 adverterent
1088 4060 1191 4122 matri·

22 4159 154 4222 monium
164 4165 317 4222 contractu
328 4158 468 4222 contineri
480 4158 509 4220 in
521 4156 662 4221 societate
678 4164 807 4236 peracto,
818 4157 916 4236 ipsum
929 4174 986 4222 non
998 4159 1083 4224 modo
1093 4157 1191 4238 quoad

68 4269 107 4334 rr)
123 4272 166 4322 aa
181 4271 319 4336 spumeos,
335 4271 367 4331 v,
382 4270 422 4321 aa.
1004 4267 1007 4272 ·
