3159 4934
319 341 373 400 ast
639 349 681 393 tns
699 351 825 396 urrunnu
844 371 854 382 ·
872 353 940 395 raus
957 353 984 399 u,
1002 351 1045 396 uns
1063 352 1171 398 mutin

318 469 435 532 iuribus
448 468 565 543 innatis,
575 485 666 545 conc,·
680 468 768 542 idest,
779 483 815 532 ex
825 470 954 533 essentia
967 471 1157 549 consequitur
1168 479 1202 533 ut
1212 471 1331 535 dilierre
1342 482 1491 551 nequeant

318 569 348 630 in
368 567 415 648 iis,
435 581 511 646 quae
530 567 676 629 essentiae
696 566 947 644 superadduntur,
966 575 1020 631 aut
1033 569 1063 630 in
1085 569 1200 632 iuribus
1221 570 1384 650 acquisitis,
1398 589 1491 652 nepo.

318 662 421 740 Quoad
442 664 565 727 alteram
581 671 693 743 partem
712 664 850 728 similiter
862 663 943 728 dist:
960 662 1074 729 Natura
1090 682 1147 731 non
1167 667 1306 747 designat
1318 669 1490 732 subiectum

317 763 512 838 auctoritatis,
525 770 556 826 et
575 763 632 826 hoc
648 761 762 840 pmbat,
776 763 921 826 neminem
937 778 1004 826 esse
1025 765 1187 843 principem
1202 765 1230 827 ui
1250 774 1379 845 naturae,
1394 785 1489 843 conc·

317 870 348 923 et
368 862 425 924 hoc
447 861 561 939 probat,
581 860 725 924 neminem
746 875 811 924 esse
832 861 993 939 principem
1013 862 1104 925 etiam
1126 862 1154 924 ui
1168 863 1241 926 lacti
1254 863 1393 939 alicuius,
1409 866 1489 944 quod

317 960 365 1023 ius
379 958 542 1037 imperandi
556 958 587 1022 in
602 958 744 1038 peculiari
760 960 893 1024 subiecto
907 959 1091 1039 determinet,
1105 977 1192 1040 nepo.
1209 958 1396 1053 Tumetiam
1412 979 1489 1042 nepo

317 1073 515 1137 eorrseqceos.

359 1153 443 1220 Nihil
463 1156 590 1234 ineptius
603 1157 661 1220 hac
676 1155 851 1220 difficultate
864 1163 920 1220 est.
935 1153 1012 1220 Nam
1035 1156 1061 1218 si
1082 1155 1143 1219 rim
1157 1156 1291 1229 haberet,
1305 1155 1490 1244 omnia‘ipra

318 1253 713 1338 acquisiisse-dominibus
734 1253 911 1318 excluderet.
933 1251 1001 1316 Pari
1015 1253 1094 1316 enim
1115 1254 1204 1317 modo
1223 1250 1273 1317 sic'
1285 1240 1490 1333 qiii‘rauon-

318 1353 381 1416 nari
402 1360 513 1431 posset:
530 1348 640 1416 Omnes
654 1351 788 1415 homines
810 1359 879 1415 sunt
892 1350 1086 1414 essentialiter
1099 1350 1246 1429 aequales,
1259 1359 1290 1414 ct
1304 1359 1412 1414 natura
1433 1369 1488 1417 non

319 1451 543 1516 determinatio
565 1453 622 1516 hoc
643 1452 689 1515 vel
709 1450 760 1514 illo
788 1452 993 1530 paternitatem
1015 1451 1062 1514 rel
1089 1452 1260 1543 dominium.
1281 1433 1487 1532 Erfiopa‘t'r'i'a

319 1557 449 1628 potestas
471 1549 518 1614 vel
538 1548 585 1611 ins
607 1551 796 1628 proprietatis
815 1555 971 1613 concretae
989 1567 1007 1611 a
1029 1548 1172 1613 consensu
1195 1551 1288 1628 repeti
1309 1551 1428 1614 debent.
1448 1552 1488 1612 At

317 1665 403 1713 nemo
417 1665 472 1733 npn
488 1649 578 1723 videt,
593 1665 629 1712 ex
646 1665 680 1713 eo
693 1649 771 1728 quod
785 1649 815 1711 in
830 1648 879 1711 luis
893 1647 938 1710 vel
953 1648 1020 1710 aliis
1035 1650 1125 1711 rebus
1146 1648 1350 1712 determinatio
1363 1658 1487 1712 naturae

317 1763 371 1825 pro
393 1747 534 1825 peculiari
555 1763 678 1825 persona
700 1747 858 1821 desitum
878 1746 959 1809 alind
974 1747 1066 1824 smui,
1081 1747 1138 1809 nisi
1159 1747 1234 1820 iura,
1247 1746 1404 1825 quaeiode
1418 1764 1487 1810 ena-

318 1853 452 1918 scuntur,
466 1861 521 1908 nou
543 1861 609 1908 esse
623 1846 722 1910 innata
743 1845 796 1910 sed
816 1845 962 1924 acquisita
977 1846 1005 1909 ri
1022 1845 1094 1907 lacti
1114 1844 1249 1919 alicuius,
1263 1846 1301 1907 ad
1317 1853 1484 1908 concretum

317 1942 448 2005 ordinem
470 1942 649 2022 pertinentis.
664 1942 799 2007 lamvero
819 1945 888 2022 quis
903 1946 1032 2022 unquam
1048 1943 1133 2016 dixit,
1147 1943 1194 2005 ius
1207 1943 1369 2021 imperandi
1380 1943 1407 2004 in
1420 1943 1484 2004 hoc

318 2041 365 2104 vel
378 2038 428 2104 illo
443 2042 575 2105 subiecto
589 2043 720 2106 innatum
734 2043 818 2106 esse?
833 2049 886 2104 aut
899 2042 1026 2121 aliquem
1037 2059 1103 2106 esse
1114 2043 1277 2121 principem
1291 2048 1390 2104 natura
1404 2041 1482 2103 sua‘i

363 2135 457 2202 Obiic.
472 2137 508 2203 ll.
524 2136 661 2203 Potestas
675 2139 795 2218 politico
812 2140 930 2205 diversa
950 2149 995 2203 est
1009 2157 1027 2202 a
1040 2148 1189 2220 potestate
1209 2140 1380 2213 domestica,
1392 2154 1486 2218 quam

317 2237 529 2316 paterfamilias
542 2247 659 2302 exercet
678 2239 708 2300 in
723 2235 813 2312 tilios,
827 2247 858 2301 et
870 2239 899 2300 in
915 2239 1047 2302 famulos
1063 2240 1156 2318 Atqui
1172 2240 1280 2302 iurinm
1299 2239 1485 2302 diversorum

317 2337 419 2416 nequit
434 2337 667 2426 unumeoouerti
683 2337 711 2398 in
726 2336 816 2399 aliud.
831 2335 912 2416 Ergo
932 2334 1115 2416 impossibile
1128 2348 1173 2400 est
1187 2345 1220 2400 ut
1239 2345 1371 2416 potestas
1385 2339 1487 2400 dome·

318 2435 393 2499 stica
415 2443 602 2499 convertatur
623 2435 652 2496 in
673 2435 795 2514 regiam.

357 2530 393 2597 R.
406 2531 490 2596 Diei.
503 2533 584 2596 moi:
597 2531 733 2596 Potestas
749 2533 869 2611 politica
883 2533 999 2596 diversa
1011 2542 1058 2596 est
1070 2549 1087 2596 a
1099 2540 1243 2614 potestate
1254 2533 1419 2597 domestica
1430 2541 1485 2595 etc.

317 2631 414 2710 quoad
429 2632 567 2710 speciem,
578 2649 671 2706 cono;
688 2632 785 2710 quoad
799 2647 892 2710 genus
906 2633 1006 2711 etiam,
1017 2649 1102 2712 nepo.
1112 2630 1272 2695 Minorem
1283 2631 1395 2710 pariter
1406 2629 1486 2694 dist:

318 2727 428 2792 lorium
449 2730 632 2794 diversorum
654 2745 711 2793 non
733 2728 827 2792 solum
848 2731 946 2808 specie
961 2730 1013 2792 sed
1035 2730 1125 2792 etiam
1146 2746 1252 2808 genere
1273 2730 1375 2806 nequit
1396 2744 1485 2791 unum

317 2828 445 2890 converti
461 2830 490 2890 in
505 2828 596 2902 aliud,
611 2846 701 2906 cooe;
716 2829 902 2892 diversorum
925 2830 1022 2908 specie
1044 2828 1094 2892 sed
1116 2828 1350 2892 convenientium
1371 2842 1487 2906 genere,

315 2923 411 3001 subd·
428 2928 535 2990 virtute
551 2944 604 2992 sna
620 2937 743 3001 tantum,
760 2945 854 3003 eonc‚·
868 2927 1037 2990 adiumento
1053 2926 1204 3005 praecepti
1225 2935 1356 2999 naturae,
1370 2932 1404 3010 et
1424 2940 1488 2986 mu·

318 3024 371 3085 tati
393 3023 499 3086 obiecti
520 3013 676 3104 exigentia,
697 3043 781 3106 ocqo.

270 3138 272 3141 ·
356 3118 423 3184 Etsi
442 3130 571 3198 potestas
585 3122 890 3197 domesticatdilierat
906 3123 1004 3201 specie
1019 3139 1035 3185 a
1052 3131 1198 3201 potestate
1212 3121 1343 3202 politica,
1358 3127 1394 3182 nt
1407 3124 1488 3200 patet

315 3235 352 3282 ex
374 3218 542 3283 diversitate
563 3221 630 3282 linis
650 3228 680 3282 et
694 3221 850 3294 materiae;
871 3220 1007 3284 convenit
1028 3229 1126 3283 tamen
1141 3235 1255 3298 genere,
1270 3234 1339 3281 cum
1360 3226 1487 3296 unaque

316 3320 357 3383 sit
377 3321 425 3384 ius
446 3321 569 3399 ponendi
591 3320 721 3384 ordinem
742 3323 771 3384 in
794 3320 992 3395 multitudine,
1013 3323 1096 3384 iuxta
1119 3329 1254 3383 naturam
1269 3319 1486 3383 associationis.

315 3417 393 3482 Hine
414 3421 522 3482 mirum
544 3427 673 3496 nonest,
695 3420 731 3493 si,
751 3419 940 3482 multitudine
960 3419 1151 3483 mutationem
1174 3419 1325 3492 subeunte,
1341 3427 1487 3495 quatenus

317 3515 370 3578 filii
385 3516 511 3578 evadant
525 3517 752 3594 patresfamilias
766 3525 797 3578 et
809 3517 911 3579 famuli
929 3517 1123 3596 proprietates
1138 3517 1303 3596 acquirant,
1313 3531 1349 3578 ac
1363 3516 1487 3594 proinde

317 3613 441 3676 societas
452 3613 612 3676 domestica
623 3613 653 3676 in
665 3613 780 3677 civilem
798 3616 1033 3688 transformetur;
1049 3615 1149 3692 ipsum
1160 3615 1208 3676 ius
1217 3614 1340 3693 ponendi
1352 3614 1485 3678 ordinem

201 3763 203 3767 .
317 3709 572 3788 proportionaliter
591 3718 799 3785 commutetur,
813 3728 849 3774 ac
862 3713 996 3776 diversas
1016 3713 1121 3776 induat
1136 3713 1305 3786 relationes,
1319 3727 1486 3790 nouumque

316 3809 454 3886 respiciat
474 3824 606 3886 scopum.
628 3806 758 3872 Maxime
779 3824 859 3884 vero,
881 3811 1038 3874 accedente
1066 3811 1188 3874 rationis
1215 3809 1385 3885 dictamine,
1406 3809 1486 3889 quod

316 3904 532 3969 multitudinem
548 3906 610 3970 sine
625 3907 767 3985 principio
781 3907 903 3986 ordinis,
923 3909 1099 3971 auctoritate
1117 3909 1267 3982 nimirum,
1280 3923 1347 3970 esse
1362 3924 1421 3971 non
1435 3924 1486 3987 pa·

316 4003 397 4064 titur.
414 4001 508 4066 Causa
530 4005 621 4084 igitur
642 4007 843 4070 conversionis
863 4006 943 4069 illius
963 4015 1010 4069 est
1031 4009 1097 4084 ipsa
1115 4014 1231 4082 natura,
1245 4021 1321 4086 quae
1341 4021 1486 4085 processu

315 4114 370 4161 sno
390 4101 556 4165 societatem
585 4104 778 4169 domesticam
803 4105 834 4167 in
861 4105 978 4168 ciuilem
1001 4106 1200 4182 transformat,
1223 4113 1253 4167 et
1273 4111 1486 4182 cousequenter

317 4197 506 4260 trdoslormat
525 4201 590 4262 eius
612 4211 711 4278 partes
732 4203 913 4276 essentiales,
934 4219 1010 4283 quae
1031 4219 1181 4282 nunquam
1202 4203 1410 4283 dissociantur,
1433 4203 1485 4265 sed

318 4302 406 4372 prout
426 4299 620 4374 compositum
642 4301 807 4374 ellormaut,
829 4301 984 4366 mutationi
1006 4301 1184 4365 subduntur.
