<?xml version="1.0" encoding="UTF-8"?>
<!DOCTYPE html PUBLIC "-//W3C//DTD XHTML 1.0 Transitional//EN"
    "http://www.w3.org/TR/xhtml1/DTD/xhtml1-transitional.dtd">
<html xmlns="http://www.w3.org/1999/xhtml" xml:lang="en" lang="en">
 <head>
  <title>
</title>
<meta http-equiv="Content-Type" content="text/html;charset=utf-8" />
  <meta name='ocr-system' content='tesseract 3.04.00' />
  <meta name='ocr-capabilities' content='ocr_page ocr_carea ocr_par ocr_line ocrx_word'/>
</head>
<body>
  <div class='ocr_page' id='page_1' title='image "./institutioneset00libegoog_0173.png"; bbox 0 0 3159 4934; ppageno 0'>
   <div class='ocr_carea' id='block_1_1' title="bbox 298 273 1164 331">
    <p class='ocr_par' dir='ltr' id='par_1_1' title="bbox 298 273 1164 331">
     <span class='ocr_line' id='line_1_1' title="bbox 298 273 1164 331; baseline -0.002 -2"><span class='ocrx_word' id='word_1_1' title='bbox 298 273 348 331; x_wconf 80' lang='lat'>168</span> <span class='ocrx_word' id='word_1_2' title='bbox 585 286 626 330; x_wconf 88' lang='lat' dir='ltr'>rus</span> <span class='ocrx_word' id='word_1_3' title='bbox 644 287 768 329; x_wconf 76' lang='lat' dir='ltr'>urrunnu</span> <span class='ocrx_word' id='word_1_4' title='bbox 786 305 797 316; x_wconf 92' lang='lat'><em>-</em></span> <span class='ocrx_word' id='word_1_5' title='bbox 814 284 881 327; x_wconf 72' lang='lat' dir='ltr'>rens</span> <span class='ocrx_word' id='word_1_6' title='bbox 900 284 916 325; x_wconf 88' lang='lat' dir='ltr'>t.</span> <span class='ocrx_word' id='word_1_7' title='bbox 934 284 976 327; x_wconf 91' lang='lat' dir='ltr'>rus</span> <span class='ocrx_word' id='word_1_8' title='bbox 993 282 1164 328; x_wconf 81' lang='lat' dir='ltr'>murvinuntc</span> 
     </span>
    </p>
   </div>
   <div class='ocr_carea' id='block_1_2' title="bbox 242 396 1470 2241">
    <p class='ocr_par' dir='ltr' id='par_1_2' title="bbox 242 396 1470 968">
     <span class='ocr_line' id='line_1_2' title="bbox 296 396 1469 479; baseline -0.003 -17"><span class='ocrx_word' id='word_1_9' title='bbox 296 407 396 462; x_wconf 90' lang='lat' dir='ltr'>nostra</span> <span class='ocrx_word' id='word_1_10' title='bbox 423 400 540 463; x_wconf 86' lang='lat' dir='ltr'>liberari</span> <span class='ocrx_word' id='word_1_11' title='bbox 571 416 666 479; x_wconf 88' lang='lat' dir='ltr'>posse.</span> <span class='ocrx_word' id='word_1_12' title='bbox 691 396 773 463; x_wconf 82' lang='lat' dir='ltr'>Tunc</span> <span class='ocrx_word' id='word_1_13' title='bbox 801 400 878 463; x_wconf 90' lang='lat' dir='ltr'>enim</span> <span class='ocrx_word' id='word_1_14' title='bbox 906 400 1025 462; x_wconf 90' lang='lat' dir='ltr'>evidens</span> <span class='ocrx_word' id='word_1_15' title='bbox 1050 402 1085 461; x_wconf 88' lang='lat' dir='ltr'>lit</span> <span class='ocrx_word' id='word_1_16' title='bbox 1106 398 1313 479; x_wconf 74' lang='lat' dir='ltr'><strong>obligationem</strong></span> <span class='ocrx_word' id='word_1_17' title='bbox 1339 405 1469 461; x_wconf 88' lang='lat' dir='ltr'>naturae</span> 
     </span>
     <span class='ocr_line' id='line_1_3' title="bbox 296 496 1469 576; baseline -0.002 -17"><span class='ocrx_word' id='word_1_18' title='bbox 296 498 483 561; x_wconf 86' lang='lat' dir='ltr'>determinari</span> <span class='ocrx_word' id='word_1_19' title='bbox 503 498 541 561; x_wconf 94' lang='lat' dir='ltr'>ad</span> <span class='ocrx_word' id='word_1_20' title='bbox 561 496 610 559; x_wconf 75' lang='lat' dir='ltr'>irie</span> <span class='ocrx_word' id='word_1_21' title='bbox 625 501 654 559; x_wconf 85' lang='lat' dir='ltr'>ct</span> <span class='ocrx_word' id='word_1_22' title='bbox 668 516 760 574; x_wconf 80' lang='lat' dir='ltr'>nunc,</span> <span class='ocrx_word' id='word_1_23' title='bbox 775 514 811 561; x_wconf 86' lang='lat' dir='ltr'>ac</span> <span class='ocrx_word' id='word_1_24' title='bbox 834 498 952 575; x_wconf 84' lang='lat' dir='ltr'>proinde</span> <span class='ocrx_word' id='word_1_25' title='bbox 972 514 1026 561; x_wconf 92' lang='lat' dir='ltr'>nos</span> <span class='ocrx_word' id='word_1_26' title='bbox 1047 499 1085 560; x_wconf 91' lang='lat' dir='ltr'>ab</span> <span class='ocrx_word' id='word_1_27' title='bbox 1106 514 1141 561; x_wconf 89' lang='lat' dir='ltr'>ea</span> <span class='ocrx_word' id='word_1_28' title='bbox 1154 504 1225 560; x_wconf 91' lang='lat' dir='ltr'>tunc</span> <span class='ocrx_word' id='word_1_29' title='bbox 1242 496 1390 576; x_wconf 90' lang='lat' dir='ltr'>implenda</span> <span class='ocrx_word' id='word_1_30' title='bbox 1411 511 1469 557; x_wconf 83' lang='lat' dir='ltr'>ex-</span> 
     </span>
     <span class='ocr_line' id='line_1_4' title="bbox 242 582 1470 685; baseline -0.003 -26"><span class='ocrx_word' id='word_1_31' title='bbox 242 582 245 589; x_wconf 71' lang='grc'><strong>’</strong></span> <span class='ocrx_word' id='word_1_32' title='bbox 295 598 392 659; x_wconf 86' lang='lat' dir='ltr'>cusani</span> <span class='ocrx_word' id='word_1_33' title='bbox 407 612 463 659; x_wconf 92' lang='lat' dir='ltr'>non</span> <span class='ocrx_word' id='word_1_34' title='bbox 479 611 572 673; x_wconf 90' lang='lat' dir='ltr'>posse.</span> <span class='ocrx_word' id='word_1_35' title='bbox 588 593 636 659; x_wconf 90' lang='lat' dir='ltr'>Sic</span> <span class='ocrx_word' id='word_1_36' title='bbox 658 598 692 658; x_wconf 87' lang='lat' dir='ltr'>fit</span> <span class='ocrx_word' id='word_1_37' title='bbox 714 603 746 657; x_wconf 91' lang='lat' dir='ltr'>ut</span> <span class='ocrx_word' id='word_1_38' title='bbox 760 596 934 676; x_wconf 81' lang='lat' dir='ltr'>quandoque</span> <span class='ocrx_word' id='word_1_39' title='bbox 955 597 1085 685; x_wconf 78' lang='lat' dir='ltr'>officinm</span> <span class='ocrx_word' id='word_1_40' title='bbox 1099 594 1324 674; x_wconf 74' lang='lat' dir='ltr'>imperfectum,</span> <span class='ocrx_word' id='word_1_41' title='bbox 1344 595 1374 656; x_wconf 94' lang='lat' dir='ltr'>in</span> <span class='ocrx_word' id='word_1_42' title='bbox 1392 611 1470 673; x_wconf 82' lang='lat' dir='ltr'>pcr-</span> 
     </span>
     <span class='ocr_line' id='line_1_5' title="bbox 293 691 1467 772; baseline -0.003 -17"><span class='ocrx_word' id='word_1_43' title='bbox 293 692 407 771; x_wconf 78' lang='lat' dir='ltr'>fcctum</span> <span class='ocrx_word' id='word_1_44' title='bbox 429 708 480 771; x_wconf 91' lang='lat' dir='ltr'>per</span> <span class='ocrx_word' id='word_1_45' title='bbox 507 693 643 755; x_wconf 89' lang='lat' dir='ltr'>accidens</span> <span class='ocrx_word' id='word_1_46' title='bbox 671 700 882 766; x_wconf 79' lang='lat' dir='ltr'>commutetur3</span> <span class='ocrx_word' id='word_1_47' title='bbox 904 695 984 772; x_wconf 85' lang='lat' dir='ltr'>qnia,</span> <span class='ocrx_word' id='word_1_48' title='bbox 1006 701 1039 755; x_wconf 94' lang='lat' dir='ltr'>ut</span> <span class='ocrx_word' id='word_1_49' title='bbox 1067 694 1204 756; x_wconf 87' lang='lat' dir='ltr'>observat</span> <span class='ocrx_word' id='word_1_50' title='bbox 1226 692 1254 757; x_wconf 90' lang='lat' dir='ltr'>S.</span> <span class='ocrx_word' id='word_1_51' title='bbox 1271 691 1413 765; x_wconf 83' lang='lat' dir='ltr'><strong>Thomas,</strong></span> <span class='ocrx_word' id='word_1_52' title='bbox 1434 693 1467 753; x_wconf 92' lang='lat' dir='ltr'>in</span> 
     </span>
     <span class='ocr_line' id='line_1_6' title="bbox 293 791 1467 872; baseline 0.002 -20"><span class='ocrx_word' id='word_1_53' title='bbox 293 798 423 852; x_wconf 89' lang='lat' dir='ltr'>extrema</span> <span class='ocrx_word' id='word_1_54' title='bbox 444 792 617 855; x_wconf 70' lang='lat' dir='ltr'>necessitate</span> <span class='ocrx_word' id='word_1_55' title='bbox 637 791 735 855; x_wconf 86' lang='lat' dir='ltr'>evadit</span> <span class='ocrx_word' id='word_1_56' title='bbox 757 792 883 870; x_wconf 83' lang='lat' dir='ltr'>proximi</span> <span class='ocrx_word' id='word_1_57' title='bbox 905 793 943 872; x_wconf 83' lang='lat' dir='ltr'>td,</span> <span class='ocrx_word' id='word_1_58' title='bbox 958 808 1018 871; x_wconf 92' lang='lat' dir='ltr'>quo</span> <span class='ocrx_word' id='word_1_59' title='bbox 1038 809 1115 872; x_wconf 90' lang='lat' dir='ltr'>opus</span> <span class='ocrx_word' id='word_1_60' title='bbox 1135 800 1181 857; x_wconf 89' lang='lat' dir='ltr'>est</span> <span class='ocrx_word' id='word_1_61' title='bbox 1201 793 1240 855; x_wconf 92' lang='lat' dir='ltr'>ad</span> <span class='ocrx_word' id='word_1_62' title='bbox 1261 794 1327 857; x_wconf 90' lang='lat' dir='ltr'>eius</span> <span class='ocrx_word' id='word_1_63' title='bbox 1341 808 1467 855; x_wconf 88' lang='lat' dir='ltr'>servan·</span> 
     </span>
     <span class='ocr_line' id='line_1_7' title="bbox 293 886 544 968; baseline 0.004 -20"><span class='ocrx_word' id='word_1_64' title='bbox 293 887 362 948; x_wconf 93' lang='lat' dir='ltr'>dam</span> <span class='ocrx_word' id='word_1_65' title='bbox 385 888 477 950; x_wconf 89' lang='lat' dir='ltr'>vitam</span> <span class='ocrx_word' id='word_1_66' title='bbox 493 886 544 968; x_wconf 88' lang='lat' dir='ltr'>(l).</span> 
     </span>
    </p>

    <p class='ocr_par' dir='ltr' id='par_1_3' title="bbox 295 981 1466 1167">
     <span class='ocr_line' id='line_1_8' title="bbox 333 981 1466 1068; baseline 0 -20"><span class='ocrx_word' id='word_1_67' title='bbox 333 981 381 1048; x_wconf 80' lang='lat' dir='ltr'>ot.</span> <span class='ocrx_word' id='word_1_68' title='bbox 405 983 580 1050; x_wconf 87' lang='lat' dir='ltr'>Pnonosrrto</span> <span class='ocrx_word' id='word_1_69' title='bbox 595 985 636 1049; x_wconf 69' lang='lat'>4⁵.</span> <span class='ocrx_word' id='word_1_70' title='bbox 662 986 746 1067; x_wconf 69' lang='lat' dir='ltr'>Quae</span> <span class='ocrx_word' id='word_1_71' title='bbox 772 985 856 1050; x_wconf 82' lang='lat' dir='ltr'>dicto</span> <span class='ocrx_word' id='word_1_72' title='bbox 886 990 963 1050; x_wconf 79' lang='lat' dir='ltr'>soni</span> <span class='ocrx_word' id='word_1_73' title='bbox 987 987 1025 1050; x_wconf 83' lang='lat' dir='ltr'>dc</span> <span class='ocrx_word' id='word_1_74' title='bbox 1048 986 1160 1068; x_wconf 77' lang='lat' dir='ltr'>officiis</span> <span class='ocrx_word' id='word_1_75' title='bbox 1181 1007 1257 1067; x_wconf 79' lang='lat' dir='ltr'>erpa</span> <span class='ocrx_word' id='word_1_76' title='bbox 1276 987 1368 1064; x_wconf 86' lang='lat' dir='ltr'>alios,</span> <span class='ocrx_word' id='word_1_77' title='bbox 1392 991 1466 1051; x_wconf 78' lang='lat' dir='ltr'>tum</span> 
     </span>
     <span class='ocr_line' id='line_1_9' title="bbox 295 1083 1421 1167; baseline 0.003 -23"><span class='ocrx_word' id='word_1_78' title='bbox 295 1083 448 1162; x_wconf 76' lang='lat' dir='ltr'>negativis</span> <span class='ocrx_word' id='word_1_79' title='bbox 470 1086 536 1147; x_wconf 81' lang='lat' dir='ltr'>tum</span> <span class='ocrx_word' id='word_1_80' title='bbox 552 1085 705 1164; x_wconf 72' lang='lat' dir='ltr'>positivis,</span> <span class='ocrx_word' id='word_1_81' title='bbox 721 1086 815 1155; x_wconf 75' lang='lat' dir='ltr'>etiam</span> <span class='ocrx_word' id='word_1_82' title='bbox 828 1089 968 1165; x_wconf 77' lang='lat' dir='ltr'>respectet</span> <span class='ocrx_word' id='word_1_83' title='bbox 981 1086 1102 1149; x_wconf 78' lang='lat' dir='ltr'>inimici</span> <span class='ocrx_word' id='word_1_84' title='bbox 1115 1083 1321 1167; x_wconf 77' lang='lat' dir='ltr'>intelligendo</span> <span class='ocrx_word' id='word_1_85' title='bbox 1334 1088 1421 1148; x_wconf 78' lang='lat' dir='ltr'>sunt.</span> 
     </span>
    </p>

    <p class='ocr_par' dir='ltr' id='par_1_4' title="bbox 293 1180 1469 2241">
     <span class='ocr_line' id='line_1_10' title="bbox 335 1180 1469 1264; baseline -0.001 -19"><span class='ocrx_word' id='word_1_86' title='bbox 335 1180 421 1246; x_wconf 85' lang='lat' dir='ltr'>Proh.</span> <span class='ocrx_word' id='word_1_87' title='bbox 437 1181 503 1245; x_wconf 84' lang='lat' dir='ltr'>Etsi</span> <span class='ocrx_word' id='word_1_88' title='bbox 524 1186 697 1261; x_wconf 82' lang='lat' dir='ltr'>pravitatem</span> <span class='ocrx_word' id='word_1_89' title='bbox 719 1184 837 1248; x_wconf 91' lang='lat' dir='ltr'>hostilis</span> <span class='ocrx_word' id='word_1_90' title='bbox 858 1185 958 1258; x_wconf 81' lang='lat' dir='ltr'>animi,</span> <span class='ocrx_word' id='word_1_91' title='bbox 972 1201 1031 1263; x_wconf 94' lang='lat' dir='ltr'>qua</span> <span class='ocrx_word' id='word_1_92' title='bbox 1046 1188 1114 1264; x_wconf 90' lang='lat' dir='ltr'>quis</span> <span class='ocrx_word' id='word_1_93' title='bbox 1129 1185 1237 1247; x_wconf 90' lang='lat' dir='ltr'>damna</span> <span class='ocrx_word' id='word_1_94' title='bbox 1250 1184 1334 1249; x_wconf 91' lang='lat' dir='ltr'>nohis</span> <span class='ocrx_word' id='word_1_95' title='bbox 1350 1182 1469 1255; x_wconf 68' lang='lat' dir='ltr'>intulit,</span> 
     </span>
     <span class='ocr_line' id='line_1_11' title="bbox 294 1280 1466 1361; baseline 0.001 -20"><span class='ocrx_word' id='word_1_96' title='bbox 294 1280 444 1354; x_wconf 88' lang='lat' dir='ltr'>detestari,</span> <span class='ocrx_word' id='word_1_97' title='bbox 458 1296 617 1360; x_wconf 88' lang='lat' dir='ltr'>eorumque</span> <span class='ocrx_word' id='word_1_98' title='bbox 631 1298 753 1361; x_wconf 90' lang='lat' dir='ltr'>aequam</span> <span class='ocrx_word' id='word_1_99' title='bbox 776 1284 988 1361; x_wconf 87' lang='lat' dir='ltr'>reparationem</span> <span class='ocrx_word' id='word_1_100' title='bbox 1010 1283 1126 1361; x_wconf 89' lang='lat' dir='ltr'>exigere</span> <span class='ocrx_word' id='word_1_101' title='bbox 1145 1283 1191 1344; x_wconf 82' lang='lat' dir='ltr'>las</span> <span class='ocrx_word' id='word_1_102' title='bbox 1211 1283 1265 1356; x_wconf 78' lang='lat' dir='ltr'>sit3</span> <span class='ocrx_word' id='word_1_103' title='bbox 1288 1290 1385 1345; x_wconf 91' lang='lat' dir='ltr'>tamen</span> <span class='ocrx_word' id='word_1_104' title='bbox 1408 1298 1466 1343; x_wconf 90' lang='lat' dir='ltr'>an-</span> 
     </span>
     <span class='ocr_line' id='line_1_12' title="bbox 295 1379 1468 1459; baseline 0.001 -19"><span class='ocrx_word' id='word_1_105' title='bbox 295 1386 405 1441; x_wconf 91' lang='lat' dir='ltr'>ctorem</span> <span class='ocrx_word' id='word_1_106' title='bbox 425 1379 491 1441; x_wconf 94' lang='lat' dir='ltr'>odio</span> <span class='ocrx_word' id='word_1_107' title='bbox 511 1380 648 1457; x_wconf 78' lang='lat' dir='ltr'>prosequi</span> <span class='ocrx_word' id='word_1_108' title='bbox 669 1387 697 1442; x_wconf 90' lang='lat' dir='ltr'>et</span> <span class='ocrx_word' id='word_1_109' title='bbox 718 1380 834 1442; x_wconf 84' lang='lat' dir='ltr'>domnis</span> <span class='ocrx_word' id='word_1_110' title='bbox 854 1380 971 1442; x_wconf 86' lang='lat' dir='ltr'>afficere</span> <span class='ocrx_word' id='word_1_111' title='bbox 993 1379 1125 1458; x_wconf 84' lang='lat' dir='ltr'>(excepto</span> <span class='ocrx_word' id='word_1_112' title='bbox 1148 1389 1278 1459; x_wconf 90' lang='lat' dir='ltr'>tempore</span> <span class='ocrx_word' id='word_1_113' title='bbox 1298 1381 1396 1442; x_wconf 91' lang='lat' dir='ltr'>iustae</span> <span class='ocrx_word' id='word_1_114' title='bbox 1411 1380 1468 1442; x_wconf 90' lang='lat' dir='ltr'>de-</span> 
     </span>
     <span class='ocr_line' id='line_1_13' title="bbox 294 1476 1469 1557; baseline 0.007 -21"><span class='ocrx_word' id='word_1_115' title='bbox 294 1476 430 1539; x_wconf 80' lang='lat' dir='ltr'>fensionis</span> <span class='ocrx_word' id='word_1_116' title='bbox 454 1477 483 1537; x_wconf 93' lang='lat' dir='ltr'>in</span> <span class='ocrx_word' id='word_1_117' title='bbox 510 1478 698 1557; x_wconf 82' lang='lat' dir='ltr'>aggressione</span> <span class='ocrx_word' id='word_1_118' title='bbox 726 1477 847 1556; x_wconf 89' lang='lat' dir='ltr'>iniqua),</span> <span class='ocrx_word' id='word_1_119' title='bbox 875 1486 927 1540; x_wconf 89' lang='lat' dir='ltr'>aut</span> <span class='ocrx_word' id='word_1_120' title='bbox 956 1479 1103 1540; x_wconf 89' lang='lat' dir='ltr'>communi</span> <span class='ocrx_word' id='word_1_121' title='bbox 1124 1478 1323 1543; x_wconf 88' lang='lat' dir='ltr'>benevolentia</span> <span class='ocrx_word' id='word_1_122' title='bbox 1345 1479 1469 1556; x_wconf 83' lang='lat' dir='ltr'>privare</span> 
     </span>
     <span class='ocr_line' id='line_1_14' title="bbox 294 1572 1469 1653; baseline 0.002 -18"><span class='ocrx_word' id='word_1_123' title='bbox 294 1574 413 1636; x_wconf 90' lang='lat' dir='ltr'>minime</span> <span class='ocrx_word' id='word_1_124' title='bbox 427 1590 595 1653; x_wconf 89' lang='lat' dir='ltr'>possumus.</span> <span class='ocrx_word' id='word_1_125' title='bbox 610 1572 763 1637; x_wconf 88' lang='lat' dir='ltr'>Naturalis</span> <span class='ocrx_word' id='word_1_126' title='bbox 782 1576 859 1637; x_wconf 88' lang='lat' dir='ltr'>enim</span> <span class='ocrx_word' id='word_1_127' title='bbox 880 1591 973 1649; x_wconf 85' lang='lat' dir='ltr'>amor,</span> <span class='ocrx_word' id='word_1_128' title='bbox 994 1592 1080 1653; x_wconf 92' lang='lat' dir='ltr'>quem</span> <span class='ocrx_word' id='word_1_129' title='bbox 1102 1578 1207 1639; x_wconf 87' lang='lat' dir='ltr'>ceteris</span> <span class='ocrx_word' id='word_1_130' title='bbox 1228 1576 1398 1638; x_wconf 87' lang='lat' dir='ltr'>hominibus</span> <span class='ocrx_word' id='word_1_131' title='bbox 1412 1576 1469 1637; x_wconf 92' lang='lat' dir='ltr'>de·</span> 
     </span>
     <span class='ocr_line' id='line_1_15' title="bbox 294 1672 1465 1759; baseline -0.001 -24"><span class='ocrx_word' id='word_1_132' title='bbox 294 1672 407 1745; x_wconf 88' lang='lat' dir='ltr'>bemus,</span> <span class='ocrx_word' id='word_1_133' title='bbox 429 1688 484 1734; x_wconf 94' lang='lat' dir='ltr'>non</span> <span class='ocrx_word' id='word_1_134' title='bbox 504 1672 650 1748; x_wconf 59' lang='lat' dir='ltr'>fundqtqr„</span> <span class='ocrx_word' id='word_1_135' title='bbox 665 1674 820 1755; x_wconf 85' lang='lat' dir='ltr'>inmerito</span> <span class='ocrx_word' id='word_1_136' title='bbox 841 1673 968 1755; x_wconf 87' lang='lat' dir='ltr'>quodam</span> <span class='ocrx_word' id='word_1_137' title='bbox 992 1672 1169 1759; x_wconf 80' lang='lat' dir='ltr'>individuali</span> <span class='ocrx_word' id='word_1_138' title='bbox 1188 1689 1339 1751; x_wconf 80' lang='lat' dir='ltr'>persome,</span> <span class='ocrx_word' id='word_1_139' title='bbox 1362 1674 1465 1735; x_wconf 91' lang='lat' dir='ltr'>sedin</span> 
     </span>
     <span class='ocr_line' id='line_1_16' title="bbox 293 1770 1466 1849; baseline 0.003 -18"><span class='ocrx_word' id='word_1_140' title='bbox 293 1770 434 1849; x_wconf 80' lang='lat' dir='ltr'>dignitate</span> <span class='ocrx_word' id='word_1_141' title='bbox 450 1778 570 1833; x_wconf 90' lang='lat' dir='ltr'>naturae</span> <span class='ocrx_word' id='word_1_142' title='bbox 592 1772 675 1833; x_wconf 91' lang='lat' dir='ltr'>nobis</span> <span class='ocrx_word' id='word_1_143' title='bbox 700 1771 871 1844; x_wconf 85' lang='lat' dir='ltr'>consimilis,</span> <span class='ocrx_word' id='word_1_144' title='bbox 885 1787 960 1849; x_wconf 91' lang='lat' dir='ltr'>quae</span> <span class='ocrx_word' id='word_1_145' title='bbox 975 1782 1054 1834; x_wconf 88' lang='lat' dir='ltr'>certe</span> <span class='ocrx_word' id='word_1_146' title='bbox 1069 1772 1146 1833; x_wconf 92' lang='lat' dir='ltr'>utin</span> <span class='ocrx_word' id='word_1_147' title='bbox 1161 1772 1256 1834; x_wconf 94' lang='lat' dir='ltr'>amico</span> <span class='ocrx_word' id='word_1_148' title='bbox 1271 1772 1313 1834; x_wconf 91' lang='lat' dir='ltr'>sic</span> <span class='ocrx_word' id='word_1_149' title='bbox 1328 1773 1357 1833; x_wconf 92' lang='lat' dir='ltr'>in</span> <span class='ocrx_word' id='word_1_150' title='bbox 1373 1774 1466 1834; x_wconf 88' lang='lat' dir='ltr'>hoste</span> 
     </span>
     <span class='ocr_line' id='line_1_17' title="bbox 294 1867 1465 1948; baseline 0 -17"><span class='ocrx_word' id='word_1_151' title='bbox 294 1869 394 1945; x_wconf 87' lang='lat' dir='ltr'>eadem</span> <span class='ocrx_word' id='word_1_152' title='bbox 409 1884 527 1945; x_wconf 90' lang='lat' dir='ltr'>prorsus</span> <span class='ocrx_word' id='word_1_153' title='bbox 541 1878 595 1931; x_wconf 87' lang='lat' dir='ltr'>est.</span> <span class='ocrx_word' id='word_1_154' title='bbox 611 1867 708 1943; x_wconf 86' lang='lat' dir='ltr'>Quare</span> <span class='ocrx_word' id='word_1_155' title='bbox 723 1870 844 1933; x_wconf 84' lang='lat' dir='ltr'>benefici</span> <span class='ocrx_word' id='word_1_156' title='bbox 859 1871 991 1948; x_wconf 79' lang='lat' dir='ltr'>effectus,</span> <span class='ocrx_word' id='word_1_157' title='bbox 1005 1870 1057 1948; x_wconf 94' lang='lat' dir='ltr'>qui</span> <span class='ocrx_word' id='word_1_158' title='bbox 1076 1885 1113 1932; x_wconf 85' lang='lat' dir='ltr'>en</span> <span class='ocrx_word' id='word_1_159' title='bbox 1127 1870 1183 1932; x_wconf 93' lang='lat' dir='ltr'>hoc</span> <span class='ocrx_word' id='word_1_160' title='bbox 1198 1885 1298 1933; x_wconf 89' lang='lat' dir='ltr'>amore</span> <span class='ocrx_word' id='word_1_161' title='bbox 1316 1885 1465 1934; x_wconf 87' lang='lat' dir='ltr'>enascun-</span> 
     </span>
     <span class='ocr_line' id='line_1_18' title="bbox 295 1966 1463 2046; baseline 0.003 -20"><span class='ocrx_word' id='word_1_162' title='bbox 295 1971 352 2040; x_wconf 80' lang='lat' dir='ltr'>tur,</span> <span class='ocrx_word' id='word_1_163' title='bbox 377 1966 504 2028; x_wconf 92' lang='lat' dir='ltr'>inimicis</span> <span class='ocrx_word' id='word_1_164' title='bbox 532 1966 691 2045; x_wconf 85' lang='lat' dir='ltr'>denegandi</span> <span class='ocrx_word' id='word_1_165' title='bbox 709 1977 775 2029; x_wconf 73' lang='lat' dir='ltr'>&#39;non</span> <span class='ocrx_word' id='word_1_166' title='bbox 804 1975 886 2041; x_wconf 86' lang='lat' dir='ltr'>sunt;</span> <span class='ocrx_word' id='word_1_167' title='bbox 913 1968 968 2028; x_wconf 92' lang='lat' dir='ltr'>uisi</span> <span class='ocrx_word' id='word_1_168' title='bbox 994 1968 1068 2029; x_wconf 82' lang='lat' dir='ltr'>torte</span> <span class='ocrx_word' id='word_1_169' title='bbox 1092 1968 1123 2029; x_wconf 94' lang='lat' dir='ltr'>id</span> <span class='ocrx_word' id='word_1_170' title='bbox 1148 1967 1304 2046; x_wconf 91' lang='lat' dir='ltr'>aliquando</span> <span class='ocrx_word' id='word_1_171' title='bbox 1329 1968 1463 2030; x_wconf 89' lang='lat' dir='ltr'>medium</span> 
     </span>
     <span class='ocr_line' id='line_1_19' title="bbox 294 2062 1458 2143; baseline 0.001 -18"><span class='ocrx_word' id='word_1_172' title='bbox 294 2071 396 2140; x_wconf 89' lang='lat' dir='ltr'>aptum</span> <span class='ocrx_word' id='word_1_173' title='bbox 417 2062 562 2126; x_wconf 87' lang='lat' dir='ltr'>iudicetur</span> <span class='ocrx_word' id='word_1_174' title='bbox 577 2065 615 2127; x_wconf 86' lang='lat' dir='ltr'>ad</span> <span class='ocrx_word' id='word_1_175' title='bbox 638 2080 738 2129; x_wconf 90' lang='lat' dir='ltr'>eorum</span> <span class='ocrx_word' id='word_1_176' title='bbox 754 2064 986 2143; x_wconf 76' lang='lat' dir='ltr'>resipiscentiam</span> <span class='ocrx_word' id='word_1_177' title='bbox 1001 2065 1225 2143; x_wconf 84' lang='lat' dir='ltr'>procurandam.</span> <span class='ocrx_word' id='word_1_178' title='bbox 1241 2063 1323 2129; x_wconf 90' lang='lat' dir='ltr'>Tunc</span> <span class='ocrx_word' id='word_1_179' title='bbox 1338 2067 1412 2129; x_wconf 91' lang='lat' dir='ltr'>enim</span> <span class='ocrx_word' id='word_1_180' title='bbox 1429 2066 1458 2126; x_wconf 93' lang='lat' dir='ltr'>id</span> 
     </span>
     <span class='ocr_line' id='line_1_20' title="bbox 295 2163 1464 2241; baseline -0.002 -16"><span class='ocrx_word' id='word_1_181' title='bbox 295 2163 329 2225; x_wconf 90' lang='lat' dir='ltr'>tit</span> <span class='ocrx_word' id='word_1_182' title='bbox 349 2176 405 2224; x_wconf 92' lang='lat' dir='ltr'>non</span> <span class='ocrx_word' id='word_1_183' title='bbox 430 2170 549 2240; x_wconf 90' lang='lat' dir='ltr'>propter</span> <span class='ocrx_word' id='word_1_184' title='bbox 577 2164 722 2240; x_wconf 82' lang='lat' dir='ltr'>privatam</span> <span class='ocrx_word' id='word_1_185' title='bbox 752 2164 911 2226; x_wconf 90' lang='lat' dir='ltr'>vindictam</span> <span class='ocrx_word' id='word_1_186' title='bbox 936 2169 988 2224; x_wconf 88' lang='lat' dir='ltr'>aut</span> <span class='ocrx_word' id='word_1_187' title='bbox 1009 2164 1107 2225; x_wconf 91' lang='lat' dir='ltr'>odium</span> <span class='ocrx_word' id='word_1_188' title='bbox 1129 2178 1200 2240; x_wconf 85' lang='lat' dir='ltr'>erga</span> <span class='ocrx_word' id='word_1_189' title='bbox 1222 2178 1388 2241; x_wconf 81' lang='lat' dir='ltr'>personam,</span> <span class='ocrx_word' id='word_1_190' title='bbox 1408 2164 1464 2225; x_wconf 88' lang='lat' dir='ltr'>sed</span> 
     </span>
    </p>
   </div>
   <div class='ocr_carea' id='block_1_3' title="bbox 295 2260 1575 2339">
    <p class='ocr_par' dir='ltr' id='par_1_5' title="bbox 295 2260 1575 2339">
     <span class='ocr_line' id='line_1_21' title="bbox 295 2260 1575 2339; baseline 0 -16"><span class='ocrx_word' id='word_1_191' title='bbox 295 2268 413 2338; x_wconf 90' lang='lat' dir='ltr'>propter</span> <span class='ocrx_word' id='word_1_192' title='bbox 433 2263 496 2323; x_wconf 91' lang='lat' dir='ltr'>eins</span> <span class='ocrx_word' id='word_1_193' title='bbox 518 2262 635 2335; x_wconf 82' lang='lat' dir='ltr'>bonnm,</span> <span class='ocrx_word' id='word_1_194' title='bbox 656 2269 744 2339; x_wconf 87' lang='lat' dir='ltr'>atque</span> <span class='ocrx_word' id='word_1_195' title='bbox 771 2269 805 2323; x_wconf 92' lang='lat' dir='ltr'>nt</span> <span class='ocrx_word' id='word_1_196' title='bbox 825 2260 982 2324; x_wconf 88' lang='lat' dir='ltr'>inducatur</span> <span class='ocrx_word' id='word_1_197' title='bbox 1003 2261 1041 2323; x_wconf 90' lang='lat' dir='ltr'>ad</span> <span class='ocrx_word' id='word_1_198' title='bbox 1061 2260 1200 2323; x_wconf 80' lang='lat' dir='ltr'>hostilem</span> <span class='ocrx_word' id='word_1_199' title='bbox 1221 2261 1353 2323; x_wconf 88' lang='lat' dir='ltr'>animum</span> <span class='ocrx_word' id='word_1_200' title='bbox 1373 2261 1466 2338; x_wconf 81' lang='lat' dir='ltr'>depo</span> <span class='ocrx_word' id='word_1_201' title='bbox 1574 2297 1575 2330; x_wconf 43' lang='lat' dir='ltr'>r</span> 
     </span>
    </p>
   </div>
   <div class='ocr_carea' id='block_1_4' title="bbox 294 2356 1469 3906">
    <p class='ocr_par' dir='ltr' id='par_1_6' title="bbox 294 2356 1469 3906">
     <span class='ocr_line' id='line_1_22' title="bbox 294 2356 1465 2443; baseline 0 -24"><span class='ocrx_word' id='word_1_202' title='bbox 294 2359 430 2437; x_wconf 68' lang='lat' dir='ltr'>nendum,</span> <span class='ocrx_word' id='word_1_203' title='bbox 455 2360 618 2438; x_wconf 89' lang='lat' dir='ltr'>damnaque</span> <span class='ocrx_word' id='word_1_204' title='bbox 643 2358 727 2421; x_wconf 91' lang='lat' dir='ltr'>nobis</span> <span class='ocrx_word' id='word_1_205' title='bbox 756 2358 839 2420; x_wconf 88' lang='lat' dir='ltr'>illata</span> <span class='ocrx_word' id='word_1_206' title='bbox 867 2358 1061 2421; x_wconf 88' lang='lat' dir='ltr'>resarcienda.</span> <span class='ocrx_word' id='word_1_207' title='bbox 1087 2358 1235 2422; x_wconf 79' lang='lat' dir='ltr'>Audiatnr</span> <span class='ocrx_word' id='word_1_208' title='bbox 1264 2356 1293 2421; x_wconf 91' lang='lat' dir='ltr'>S.</span> <span class='ocrx_word' id='word_1_209' title='bbox 1315 2356 1465 2443; x_wconf 85' lang='lat' dir='ltr'>Tltomas:</span> 
     </span>
     <span class='ocr_line' id='line_1_23' title="bbox 297 2455 1468 2534; baseline 0.003 -20"><span class='ocrx_word' id='word_1_210' title='bbox 297 2455 460 2521; x_wconf 76' lang='lat' dir='ltr'>«Dilectio</span> <span class='ocrx_word' id='word_1_211' title='bbox 485 2456 669 2519; x_wconf 91' lang='lat' dir='ltr'>inimicorum</span> <span class='ocrx_word' id='word_1_212' title='bbox 699 2456 854 2533; x_wconf 85' lang='lat' dir='ltr'>tripliciter</span> <span class='ocrx_word' id='word_1_213' title='bbox 883 2463 979 2534; x_wconf 90' lang='lat' dir='ltr'>potest</span> <span class='ocrx_word' id='word_1_214' title='bbox 1004 2458 1193 2520; x_wconf 87' lang='lat' dir='ltr'>considerari.</span> <span class='ocrx_word' id='word_1_215' title='bbox 1220 2455 1283 2521; x_wconf 88' lang='lat' dir='ltr'>Uno</span> <span class='ocrx_word' id='word_1_216' title='bbox 1309 2456 1404 2534; x_wconf 77' lang='lat' dir='ltr'>modo,</span> <span class='ocrx_word' id='word_1_217' title='bbox 1432 2466 1468 2519; x_wconf 92' lang='lat' dir='ltr'>nt</span> 
     </span>
     <span class='ocr_line' id='line_1_24' title="bbox 294 2555 1467 2635; baseline 0.002 -21"><span class='ocrx_word' id='word_1_218' title='bbox 294 2555 406 2619; x_wconf 88' lang='lat' dir='ltr'>inimici</span> <span class='ocrx_word' id='word_1_219' title='bbox 426 2555 587 2635; x_wconf 90' lang='lat' dir='ltr'>diligantur</span> <span class='ocrx_word' id='word_1_220' title='bbox 606 2557 796 2634; x_wconf 90' lang='lat' dir='ltr'>inquantum</span> <span class='ocrx_word' id='word_1_221' title='bbox 820 2564 888 2617; x_wconf 90' lang='lat' dir='ltr'>sunt</span> <span class='ocrx_word' id='word_1_222' title='bbox 908 2556 1029 2628; x_wconf 78' lang='lat' dir='ltr'>inimici,</span> <span class='ocrx_word' id='word_1_223' title='bbox 1049 2565 1079 2618; x_wconf 86' lang='lat' dir='ltr'>et</span> <span class='ocrx_word' id='word_1_224' title='bbox 1099 2556 1155 2617; x_wconf 89' lang='lat' dir='ltr'>hoc</span> <span class='ocrx_word' id='word_1_225' title='bbox 1177 2563 1225 2617; x_wconf 91' lang='lat' dir='ltr'>est</span> <span class='ocrx_word' id='word_1_226' title='bbox 1245 2570 1417 2633; x_wconf 86' lang='lat' dir='ltr'>perversum</span> <span class='ocrx_word' id='word_1_227' title='bbox 1435 2566 1467 2618; x_wconf 86' lang='lat' dir='ltr'>et</span> 
     </span>
     <span class='ocr_line' id='line_1_25' title="bbox 295 2652 1465 2733; baseline 0 -18"><span class='ocrx_word' id='word_1_228' title='bbox 295 2653 411 2715; x_wconf 87' lang='lat' dir='ltr'>caritati</span> <span class='ocrx_word' id='word_1_229' title='bbox 432 2669 611 2733; x_wconf 85' lang='lat' dir='ltr'>repugnans;</span> <span class='ocrx_word' id='word_1_230' title='bbox 626 2654 696 2733; x_wconf 90' lang='lat' dir='ltr'>quia</span> <span class='ocrx_word' id='word_1_231' title='bbox 717 2653 775 2716; x_wconf 89' lang='lat' dir='ltr'>hoc</span> <span class='ocrx_word' id='word_1_232' title='bbox 796 2661 842 2715; x_wconf 88' lang='lat' dir='ltr'>est</span> <span class='ocrx_word' id='word_1_233' title='bbox 862 2652 985 2732; x_wconf 90' lang='lat' dir='ltr'>diligere</span> <span class='ocrx_word' id='word_1_234' title='bbox 1006 2653 1116 2714; x_wconf 89' lang='lat' dir='ltr'>malum</span> <span class='ocrx_word' id='word_1_235' title='bbox 1132 2653 1263 2715; x_wconf 89' lang='lat' dir='ltr'>alterins.</span> <span class='ocrx_word' id='word_1_236' title='bbox 1279 2652 1349 2715; x_wconf 86' lang='lat' dir='ltr'>Alio</span> <span class='ocrx_word' id='word_1_237' title='bbox 1361 2653 1465 2730; x_wconf 78' lang='lat' dir='ltr'>modo,</span> 
     </span>
     <span class='ocr_line' id='line_1_26' title="bbox 298 2750 1465 2831; baseline 0 -20"><span class='ocrx_word' id='word_1_238' title='bbox 298 2756 390 2826; x_wconf 92' lang='lat' dir='ltr'>potest</span> <span class='ocrx_word' id='word_1_239' title='bbox 413 2752 508 2829; x_wconf 88' lang='lat' dir='ltr'>accipi</span> <span class='ocrx_word' id='word_1_240' title='bbox 533 2751 650 2816; x_wconf 87' lang='lat' dir='ltr'>dilectio</span> <span class='ocrx_word' id='word_1_241' title='bbox 674 2751 870 2831; x_wconf 82' lang='lat' dir='ltr'>inimicorum,</span> <span class='ocrx_word' id='word_1_242' title='bbox 896 2758 1038 2829; x_wconf 90' lang='lat' dir='ltr'>quantum</span> <span class='ocrx_word' id='word_1_243' title='bbox 1063 2752 1102 2813; x_wconf 93' lang='lat' dir='ltr'>ad</span> <span class='ocrx_word' id='word_1_244' title='bbox 1126 2760 1274 2823; x_wconf 81' lang='lat' dir='ltr'>naturam,</span> <span class='ocrx_word' id='word_1_245' title='bbox 1298 2750 1411 2813; x_wconf 87' lang='lat' dir='ltr'>scilicet</span> <span class='ocrx_word' id='word_1_246' title='bbox 1435 2751 1465 2811; x_wconf 91' lang='lat' dir='ltr'>in</span> 
     </span>
     <span class='ocr_line' id='line_1_27' title="bbox 296 2847 1465 2923; baseline 0.002 -16"><span class='ocrx_word' id='word_1_247' title='bbox 296 2847 467 2923; x_wconf 88' lang='lat' dir='ltr'>universali;</span> <span class='ocrx_word' id='word_1_248' title='bbox 487 2858 516 2911; x_wconf 86' lang='lat' dir='ltr'>et</span> <span class='ocrx_word' id='word_1_249' title='bbox 538 2850 579 2912; x_wconf 93' lang='lat' dir='ltr'>sic</span> <span class='ocrx_word' id='word_1_250' title='bbox 601 2849 717 2913; x_wconf 89' lang='lat' dir='ltr'>dilectio</span> <span class='ocrx_word' id='word_1_251' title='bbox 738 2850 924 2911; x_wconf 91' lang='lat' dir='ltr'>inimicorum</span> <span class='ocrx_word' id='word_1_252' title='bbox 946 2856 991 2910; x_wconf 91' lang='lat' dir='ltr'>est</span> <span class='ocrx_word' id='word_1_253' title='bbox 1011 2850 1047 2909; x_wconf 93' lang='lat' dir='ltr'>de</span> <span class='ocrx_word' id='word_1_254' title='bbox 1068 2849 1243 2911; x_wconf 80' lang='lat' dir='ltr'>necessitate</span> <span class='ocrx_word' id='word_1_255' title='bbox 1265 2848 1412 2921; x_wconf 84' lang='lat' dir='ltr'>caritatis3</span> <span class='ocrx_word' id='word_1_256' title='bbox 1431 2857 1465 2909; x_wconf 94' lang='lat' dir='ltr'>ut</span> 
     </span>
     <span class='ocr_line' id='line_1_28' title="bbox 297 2944 1467 3026; baseline 0.002 -21"><span class='ocrx_word' id='word_1_257' title='bbox 297 2944 411 3008; x_wconf 88' lang='lat' dir='ltr'>scilicet</span> <span class='ocrx_word' id='word_1_258' title='bbox 430 2946 537 3026; x_wconf 89' lang='lat' dir='ltr'>aliquis</span> <span class='ocrx_word' id='word_1_259' title='bbox 558 2947 683 3025; x_wconf 88' lang='lat' dir='ltr'>diligens</span> <span class='ocrx_word' id='word_1_260' title='bbox 705 2944 799 3009; x_wconf 87' lang='lat' dir='ltr'>Deum</span> <span class='ocrx_word' id='word_1_261' title='bbox 821 2954 852 3009; x_wconf 90' lang='lat' dir='ltr'>et</span> <span class='ocrx_word' id='word_1_262' title='bbox 872 2945 1048 3024; x_wconf 86' lang='lat' dir='ltr'>proximum,</span> <span class='ocrx_word' id='word_1_263' title='bbox 1063 2945 1100 3007; x_wconf 90' lang='lat' dir='ltr'>ab</span> <span class='ocrx_word' id='word_1_264' title='bbox 1114 2944 1164 3007; x_wconf 93' lang='lat' dir='ltr'>illa</span> <span class='ocrx_word' id='word_1_265' title='bbox 1186 2945 1375 3024; x_wconf 88' lang='lat' dir='ltr'>generalitate</span> <span class='ocrx_word' id='word_1_266' title='bbox 1390 2944 1467 3007; x_wconf 90' lang='lat' dir='ltr'>dile·</span> 
     </span>
     <span class='ocr_line' id='line_1_29' title="bbox 296 3042 1465 3122; baseline -0.001 -17"><span class='ocrx_word' id='word_1_267' title='bbox 296 3042 402 3105; x_wconf 88' lang='lat' dir='ltr'>ctionis</span> <span class='ocrx_word' id='word_1_268' title='bbox 425 3046 547 3122; x_wconf 87' lang='lat' dir='ltr'>proximi</span> <span class='ocrx_word' id='word_1_269' title='bbox 569 3047 705 3109; x_wconf 88' lang='lat' dir='ltr'>inimicos</span> <span class='ocrx_word' id='word_1_270' title='bbox 726 3061 796 3108; x_wconf 92' lang='lat' dir='ltr'>suos</span> <span class='ocrx_word' id='word_1_271' title='bbox 811 3060 867 3107; x_wconf 93' lang='lat' dir='ltr'>non</span> <span class='ocrx_word' id='word_1_272' title='bbox 882 3044 1028 3106; x_wconf 86' lang='lat' dir='ltr'>excludat.</span> <span class='ocrx_word' id='word_1_273' title='bbox 1045 3042 1154 3117; x_wconf 79' lang='lat' dir='ltr'>Tertio,</span> <span class='ocrx_word' id='word_1_274' title='bbox 1170 3049 1266 3121; x_wconf 89' lang='lat' dir='ltr'>potest</span> <span class='ocrx_word' id='word_1_275' title='bbox 1277 3044 1465 3107; x_wconf 78' lang='lat' dir='ltr'>‘considerari</span> 
     </span>
     <span class='ocr_line' id='line_1_30' title="bbox 296 3139 1466 3221; baseline 0 -18"><span class='ocrx_word' id='word_1_276' title='bbox 296 3139 414 3204; x_wconf 91' lang='lat' dir='ltr'>dilectio</span> <span class='ocrx_word' id='word_1_277' title='bbox 428 3143 612 3207; x_wconf 91' lang='lat' dir='ltr'>inimicorum</span> <span class='ocrx_word' id='word_1_278' title='bbox 627 3144 656 3205; x_wconf 95' lang='lat' dir='ltr'>in</span> <span class='ocrx_word' id='word_1_279' title='bbox 672 3143 803 3221; x_wconf 88' lang='lat' dir='ltr'>speciali,</span> <span class='ocrx_word' id='word_1_280' title='bbox 824 3151 857 3204; x_wconf 91' lang='lat' dir='ltr'>ut</span> <span class='ocrx_word' id='word_1_281' title='bbox 872 3142 985 3204; x_wconf 90' lang='lat' dir='ltr'>scilicet</span> <span class='ocrx_word' id='word_1_282' title='bbox 1005 3141 1112 3219; x_wconf 91' lang='lat' dir='ltr'>aliquis</span> <span class='ocrx_word' id='word_1_283' title='bbox 1125 3144 1154 3203; x_wconf 93' lang='lat' dir='ltr'>in</span> <span class='ocrx_word' id='word_1_284' title='bbox 1173 3142 1294 3219; x_wconf 90' lang='lat' dir='ltr'>speciali</span> <span class='ocrx_word' id='word_1_285' title='bbox 1309 3150 1466 3204; x_wconf 89' lang='lat' dir='ltr'>moveatur</span> 
     </span>
     <span class='ocr_line' id='line_1_31' title="bbox 297 3239 1466 3307; baseline 0.002 -8"><span class='ocrx_word' id='word_1_286' title='bbox 297 3246 378 3301; x_wconf 93' lang='lat' dir='ltr'>motu</span> <span class='ocrx_word' id='word_1_287' title='bbox 400 3239 562 3306; x_wconf 88' lang='lat' dir='ltr'>dilectionis</span> <span class='ocrx_word' id='word_1_288' title='bbox 581 3244 617 3307; x_wconf 89' lang='lat' dir='ltr'>ad</span> <span class='ocrx_word' id='word_1_289' title='bbox 633 3241 794 3304; x_wconf 87' lang='lat' dir='ltr'>inimicum.</span> <span class='ocrx_word' id='word_1_290' title='bbox 808 3240 848 3303; x_wconf 84' lang='lat' dir='ltr'>Et</span> <span class='ocrx_word' id='word_1_291' title='bbox 861 3240 942 3302; x_wconf 89' lang='lat' dir='ltr'>istud</span> <span class='ocrx_word' id='word_1_292' title='bbox 957 3248 1072 3303; x_wconf 89' lang='lat' dir='ltr'>nonest</span> <span class='ocrx_word' id='word_1_293' title='bbox 1086 3240 1122 3302; x_wconf 90' lang='lat' dir='ltr'>de</span> <span class='ocrx_word' id='word_1_294' title='bbox 1136 3240 1311 3303; x_wconf 87' lang='lat' dir='ltr'>necessitate</span> <span class='ocrx_word' id='word_1_295' title='bbox 1326 3240 1466 3302; x_wconf 87' lang='lat' dir='ltr'>caritatis</span> 
     </span>
     <span class='ocr_line' id='line_1_32' title="bbox 296 3336 1468 3417; baseline 0 -20"><span class='ocrx_word' id='word_1_296' title='bbox 296 3337 443 3413; x_wconf 86' lang='lat' dir='ltr'>absolute;</span> <span class='ocrx_word' id='word_1_297' title='bbox 465 3342 533 3417; x_wconf 92' lang='lat' dir='ltr'>quia</span> <span class='ocrx_word' id='word_1_298' title='bbox 555 3358 608 3405; x_wconf 90' lang='lat' dir='ltr'>nec</span> <span class='ocrx_word' id='word_1_299' title='bbox 628 3342 717 3404; x_wconf 91' lang='lat' dir='ltr'>etiam</span> <span class='ocrx_word' id='word_1_300' title='bbox 739 3338 850 3401; x_wconf 85' lang='lat' dir='ltr'>moveri</span> <span class='ocrx_word' id='word_1_301' title='bbox 871 3347 953 3401; x_wconf 93' lang='lat' dir='ltr'>motu</span> <span class='ocrx_word' id='word_1_302' title='bbox 967 3336 1132 3401; x_wconf 90' lang='lat' dir='ltr'>dilectionis</span> <span class='ocrx_word' id='word_1_303' title='bbox 1145 3338 1173 3398; x_wconf 92' lang='lat' dir='ltr'>in</span> <span class='ocrx_word' id='word_1_304' title='bbox 1188 3336 1308 3415; x_wconf 90' lang='lat' dir='ltr'>speciali</span> <span class='ocrx_word' id='word_1_305' title='bbox 1323 3338 1361 3398; x_wconf 92' lang='lat' dir='ltr'>ad</span> <span class='ocrx_word' id='word_1_306' title='bbox 1374 3352 1468 3415; x_wconf 90' lang='lat' dir='ltr'>quos·</span> 
     </span>
     <span class='ocr_line' id='line_1_33' title="bbox 296 3434 1467 3519; baseline 0.003 -25"><span class='ocrx_word' id='word_1_307' title='bbox 296 3434 368 3497; x_wconf 89' lang='lat' dir='ltr'>libet</span> <span class='ocrx_word' id='word_1_308' title='bbox 387 3438 519 3502; x_wconf 87' lang='lat' dir='ltr'>homines</span> <span class='ocrx_word' id='word_1_309' title='bbox 540 3439 729 3519; x_wconf 89' lang='lat' dir='ltr'>singulariter</span> <span class='ocrx_word' id='word_1_310' title='bbox 750 3444 796 3499; x_wconf 88' lang='lat' dir='ltr'>est</span> <span class='ocrx_word' id='word_1_311' title='bbox 815 3436 852 3498; x_wconf 89' lang='lat' dir='ltr'>de</span> <span class='ocrx_word' id='word_1_312' title='bbox 873 3438 1047 3498; x_wconf 88' lang='lat' dir='ltr'>necessitate</span> <span class='ocrx_word' id='word_1_313' title='bbox 1061 3435 1206 3509; x_wconf 80' lang='lat' dir='ltr'>caritatis,</span> <span class='ocrx_word' id='word_1_314' title='bbox 1226 3436 1295 3514; x_wconf 89' lang='lat' dir='ltr'>qnia</span> <span class='ocrx_word' id='word_1_315' title='bbox 1311 3435 1367 3499; x_wconf 90' lang='lat' dir='ltr'>hoc</span> <span class='ocrx_word' id='word_1_316' title='bbox 1382 3444 1467 3498; x_wconf 90' lang='lat' dir='ltr'>esset</span> 
     </span>
     <span class='ocr_line' id='line_1_34' title="bbox 295 3532 1468 3612; baseline 0.003 -19"><span class='ocrx_word' id='word_1_317' title='bbox 295 3532 484 3612; x_wconf 87' lang='lat' dir='ltr'>impossihile.</span> <span class='ocrx_word' id='word_1_318' title='bbox 502 3535 557 3599; x_wconf 82' lang='lat' dir='ltr'>Est</span> <span class='ocrx_word' id='word_1_319' title='bbox 577 3546 675 3598; x_wconf 90' lang='lat' dir='ltr'>tamen</span> <span class='ocrx_word' id='word_1_320' title='bbox 690 3536 726 3598; x_wconf 90' lang='lat' dir='ltr'>de</span> <span class='ocrx_word' id='word_1_321' title='bbox 747 3534 921 3596; x_wconf 87' lang='lat' dir='ltr'>necessitate</span> <span class='ocrx_word' id='word_1_322' title='bbox 936 3533 1069 3595; x_wconf 90' lang='lat' dir='ltr'>caritatis</span> <span class='ocrx_word' id='word_1_323' title='bbox 1085 3533 1245 3597; x_wconf 89' lang='lat' dir='ltr'>secundnm</span> <span class='ocrx_word' id='word_1_324' title='bbox 1262 3534 1468 3612; x_wconf 89' lang='lat' dir='ltr'>praeparatio·</span> 
     </span>
     <span class='ocr_line' id='line_1_35' title="bbox 296 3618 1468 3710; baseline 0.003 -19"><span class='ocrx_word' id='word_1_325' title='bbox 296 3646 363 3693; x_wconf 91' lang='lat' dir='ltr'>uem</span> <span class='ocrx_word' id='word_1_326' title='bbox 384 3634 488 3705; x_wconf 93' lang='lat' dir='ltr'>animi;</span> <span class='ocrx_word' id='word_1_327' title='bbox 512 3643 544 3695; x_wconf 93' lang='lat' dir='ltr'>ut</span> <span class='ocrx_word' id='word_1_328' title='bbox 565 3634 677 3696; x_wconf 89' lang='lat' dir='ltr'>seilicet</span> <span class='ocrx_word' id='word_1_329' title='bbox 697 3634 785 3694; x_wconf 91' lang='lat' dir='ltr'>ltomo</span> <span class='ocrx_word' id='word_1_330' title='bbox 807 3631 913 3693; x_wconf 87' lang='lat' dir='ltr'>habeat</span> <span class='ocrx_word' id='word_1_331' title='bbox 935 3631 1065 3693; x_wconf 90' lang='lat' dir='ltr'>animum</span> <span class='ocrx_word' id='word_1_332' title='bbox 1085 3618 1221 3709; x_wconf 87' lang='lat' dir='ltr'>paratum</span> <span class='ocrx_word' id='word_1_333' title='bbox 1243 3632 1280 3693; x_wconf 92' lang='lat' dir='ltr'>ad</span> <span class='ocrx_word' id='word_1_334' title='bbox 1302 3634 1370 3705; x_wconf 88' lang='lat' dir='ltr'>hoc,</span> <span class='ocrx_word' id='word_1_335' title='bbox 1384 3634 1468 3710; x_wconf 91' lang='lat' dir='ltr'>quod</span> 
     </span>
     <span class='ocr_line' id='line_1_36' title="bbox 297 3726 1467 3809; baseline 0.003 -20"><span class='ocrx_word' id='word_1_336' title='bbox 297 3729 326 3789; x_wconf 91' lang='lat' dir='ltr'>in</span> <span class='ocrx_word' id='word_1_337' title='bbox 354 3730 494 3809; x_wconf 88' lang='lat' dir='ltr'>singulari</span> <span class='ocrx_word' id='word_1_338' title='bbox 523 3732 676 3793; x_wconf 89' lang='lat' dir='ltr'>inimicum</span> <span class='ocrx_word' id='word_1_339' title='bbox 705 3726 896 3808; x_wconf 62' lang='lat' dir='ltr'>diligeretsi</span> <span class='ocrx_word' id='word_1_340' title='bbox 922 3729 1082 3791; x_wconf 89' lang='lat' dir='ltr'>necessitas</span> <span class='ocrx_word' id='word_1_341' title='bbox 1104 3737 1280 3792; x_wconf 86' lang='lat' dir='ltr'>occurreret.</span> <span class='ocrx_word' id='word_1_342' title='bbox 1303 3727 1361 3792; x_wconf 90' lang='lat' dir='ltr'>Sed</span> <span class='ocrx_word' id='word_1_343' title='bbox 1384 3732 1467 3809; x_wconf 93' lang='lat' dir='ltr'>quod</span> 
     </span>
     <span class='ocr_line' id='line_1_37' title="bbox 297 3826 1469 3906; baseline 0.003 -19"><span class='ocrx_word' id='word_1_344' title='bbox 297 3826 409 3905; x_wconf 87' lang='lat' dir='ltr'>absqnc</span> <span class='ocrx_word' id='word_1_345' title='bbox 429 3830 554 3892; x_wconf 90' lang='lat' dir='ltr'>articulo</span> <span class='ocrx_word' id='word_1_346' title='bbox 576 3828 759 3892; x_wconf 89' lang='lat' dir='ltr'>necessitatis</span> <span class='ocrx_word' id='word_1_347' title='bbox 781 3830 869 3891; x_wconf 90' lang='lat' dir='ltr'>homo</span> <span class='ocrx_word' id='word_1_348' title='bbox 890 3826 979 3889; x_wconf 86' lang='lat' dir='ltr'>etiam</span> <span class='ocrx_word' id='word_1_349' title='bbox 1000 3827 1056 3890; x_wconf 90' lang='lat' dir='ltr'>hoc</span> <span class='ocrx_word' id='word_1_350' title='bbox 1078 3834 1146 3890; x_wconf 93' lang='lat' dir='ltr'>actu</span> <span class='ocrx_word' id='word_1_351' title='bbox 1167 3827 1297 3905; x_wconf 73' lang='lat' dir='ltr'>impleat,</span> <span class='ocrx_word' id='word_1_352' title='bbox 1318 3828 1377 3891; x_wconf 90' lang='lat' dir='ltr'>hoc</span> <span class='ocrx_word' id='word_1_353' title='bbox 1400 3844 1469 3906; x_wconf 89' lang='lat' dir='ltr'>per-</span> 
     </span>
    </p>
   </div>
   <div class='ocr_carea' id='block_1_5' title="bbox 297 4002 1470 4149">
    <p class='ocr_par' dir='ltr' id='par_1_7' title="bbox 297 4002 1470 4149">
     <span class='ocr_line' id='line_1_38' title="bbox 344 4002 1468 4067; baseline 0 -15"><span class='ocrx_word' id='word_1_354' title='bbox 344 4002 380 4061; x_wconf 82' lang='lat' dir='ltr'>(l)</span> <span class='ocrx_word' id='word_1_355' title='bbox 397 4004 506 4053; x_wconf 73' lang='lat' dir='ltr'>«titire</span> <span class='ocrx_word' id='word_1_356' title='bbox 523 4004 604 4054; x_wconf 86' lang='lat' dir='ltr'>aliena</span> <span class='ocrx_word' id='word_1_357' title='bbox 620 4004 716 4053; x_wconf 89' lang='lat' dir='ltr'>occulte</span> <span class='ocrx_word' id='word_1_358' title='bbox 732 4010 839 4067; x_wconf 85' lang='lat' dir='ltr'>accepta</span> <span class='ocrx_word' id='word_1_359' title='bbox 856 4004 880 4052; x_wconf 91' lang='lat' dir='ltr'>in</span> <span class='ocrx_word' id='word_1_360' title='bbox 900 4018 961 4052; x_wconf 89' lang='lat' dir='ltr'>casu</span> <span class='ocrx_word' id='word_1_361' title='bbox 984 4003 1142 4051; x_wconf 76' lang='lat' dir='ltr'>necessitatis</span> <span class='ocrx_word' id='word_1_362' title='bbox 1165 4010 1301 4060; x_wconf 76' lang='lat' dir='ltr'>extremar,</span> <span class='ocrx_word' id='word_1_363' title='bbox 1317 4018 1369 4052; x_wconf 89' lang='lat' dir='ltr'>non</span> <span class='ocrx_word' id='word_1_364' title='bbox 1386 4004 1468 4053; x_wconf 81' lang='lat' dir='ltr'>habet</span> 
     </span>
     <span class='ocr_line' id='line_1_39' title="bbox 297 4080 1470 4149; baseline 0.002 -20"><span class='ocrx_word' id='word_1_365' title='bbox 297 4080 422 4129; x_wconf 89' lang='lat' dir='ltr'>rationem</span> <span class='ocrx_word' id='word_1_366' title='bbox 439 4083 505 4141; x_wconf 80' lang='lat' dir='ltr'>furti,</span> <span class='ocrx_word' id='word_1_367' title='bbox 522 4086 623 4149; x_wconf 88' lang='lat' dir='ltr'>proprie</span> <span class='ocrx_word' id='word_1_368' title='bbox 639 4084 775 4149; x_wconf 88' lang='lat' dir='ltr'>loquendo;</span> <span class='ocrx_word' id='word_1_369' title='bbox 793 4083 853 4147; x_wconf 87' lang='lat' dir='ltr'>quia</span> <span class='ocrx_word' id='word_1_370' title='bbox 869 4097 914 4146; x_wconf 82' lang='lat' dir='ltr'>per</span> <span class='ocrx_word' id='word_1_371' title='bbox 931 4084 1005 4130; x_wconf 86' lang='lat' dir='ltr'>talem</span> <span class='ocrx_word' id='word_1_372' title='bbox 1021 4081 1198 4131; x_wconf 80' lang='lat' dir='ltr'>necessitatem</span> <span class='ocrx_word' id='word_1_373' title='bbox 1215 4082 1321 4130; x_wconf 84' lang='lat' dir='ltr'>efficitur</span> <span class='ocrx_word' id='word_1_374' title='bbox 1337 4098 1420 4131; x_wconf 81' lang='lat' dir='ltr'>suum</span> <span class='ocrx_word' id='word_1_375' title='bbox 1431 4085 1470 4138; x_wconf 80' lang='lat' dir='ltr'>id,</span> 
     </span>
    </p>
   </div>
   <div class='ocr_carea' id='block_1_6' title="bbox 296 4160 1470 4302">
    <p class='ocr_par' dir='ltr' id='par_1_8' title="bbox 296 4160 1470 4302">
     <span class='ocr_line' id='line_1_40' title="bbox 298 4160 1470 4227; baseline -0.002 -16"><span class='ocrx_word' id='word_1_376' title='bbox 298 4162 365 4226; x_wconf 90' lang='lat' dir='ltr'>quod</span> <span class='ocrx_word' id='word_1_377' title='bbox 376 4162 432 4225; x_wconf 88' lang='lat' dir='ltr'>quis</span> <span class='ocrx_word' id='word_1_378' title='bbox 444 4165 533 4226; x_wconf 86' lang='lat' dir='ltr'>accipit</span> <span class='ocrx_word' id='word_1_379' title='bbox 545 4166 576 4214; x_wconf 84' lang='lat' dir='ltr'>ad</span> <span class='ocrx_word' id='word_1_380' title='bbox 589 4166 783 4215; x_wconf 84' lang='lat' dir='ltr'>sustentandam</span> <span class='ocrx_word' id='word_1_381' title='bbox 798 4164 925 4227; x_wconf 85' lang='lat' dir='ltr'>propriam</span> <span class='ocrx_word' id='word_1_382' title='bbox 938 4163 1021 4211; x_wconf 81' lang='lat' dir='ltr'>vitam.</span> <span class='ocrx_word' id='word_1_383' title='bbox 1033 4182 1046 4205; x_wconf 89' lang='lat'><strong>»</strong></span> <span class='ocrx_word' id='word_1_384' title='bbox 1062 4163 1175 4211; x_wconf 81' lang='lat' dir='ltr'>Stemma</span> <span class='ocrx_word' id='word_1_385' title='bbox 1188 4162 1223 4211; x_wconf 84' lang='lat' dir='ltr'>tit.</span> <span class='ocrx_word' id='word_1_386' title='bbox 1235 4160 1271 4209; x_wconf 56' lang='grc' dir='ltr'>ΞΡ</span> <span class='ocrx_word' id='word_1_387' title='bbox 1282 4160 1328 4210; x_wconf 64' lang='lat'>2¹⁶</span> <span class='ocrx_word' id='word_1_388' title='bbox 1341 4176 1364 4224; x_wconf 91' lang='lat' dir='ltr'>q.</span> <span class='ocrx_word' id='word_1_389' title='bbox 1377 4161 1470 4219; x_wconf 79' lang='lat' dir='ltr'>LXVI,</span> 
     </span>
     <span class='ocr_line' id='line_1_41' title="bbox 296 4241 446 4302; baseline 0.007 -11"><span class='ocrx_word' id='word_1_390' title='bbox 296 4241 446 4302; x_wconf 57' lang='lat' dir='ltr'>elmz</span> 
     </span>
    </p>
   </div>
   <div class='ocr_carea' id='block_1_7' title="bbox 0 0 1585 4934">
    <p class='ocr_par' dir='ltr' id='par_1_9' title="bbox 0 0 1585 4934">
     <span class='ocr_line' id='line_1_42' title="bbox 0 0 1585 4934; baseline 0 0"><span class='ocrx_word' id='word_1_391' title='bbox 0 0 1585 4934; x_wconf 95' lang='lat' dir='ltr'> </span> 
     </span>
    </p>
   </div>
  </div>
 </body>
</html>
