3159 4934
367 342 452 386 canur
470 340 504 384 ut
523 342 557 384 on
575 340 679 389 orntcns
698 339 804 383 noututs
821 339 892 382 noca
911 338 1021 381 sntrsou
1230 326 1279 383 tet

110 458 205 519 bonus
226 464 256 517 et
276 456 354 534 frugi
375 456 413 517 sit
434 462 463 517 et
476 454 584 516 iniuste
605 455 731 516 offensus
754 454 791 517 ab
812 454 885 527 alio,
907 454 937 515 id
958 455 1038 516 nullo
1059 456 1146 519 modo
1167 457 1280 534 probat.

110 552 169 625 Qui
192 561 292 615 antem
314 551 409 615 duello
433 552 574 615 honorem
596 553 738 625 tribuunt,
762 552 853 630 inepti
880 552 997 616 omnino
1024 561 1094 615 sunt
1120 554 1280 617 adrerum

109 652 253 713 honorem
275 649 481 724 iudicandnm;
506 666 573 713 cum
596 649 768 727 plerumque
788 649 908 711 effraeni
929 649 1049 727 quidam
1072 651 1131 713 sint
1150 651 1284 726 invenes,

108 749 216 812 leviter
244 756 295 810 aut
323 764 358 810 ne
386 748 488 811 leviter
513 747 633 825 quidem
657 747 774 809 eruditi.
797 744 904 810 Contra
932 747 1111 826 philosophi,
1138 757 1281 828 quotquot

109 854 242 920 exstant,
263 852 292 909 et
313 846 391 923 frugi
412 854 441 907 et
463 861 568 923 graves
590 844 723 907 homines
748 845 878 907 duellum
900 846 1045 919 reiioiunt,
1066 852 1216 924 tamquam
1242 850 1281 910 ri·

12 1004 14 1035 3
112 945 248 1009 diculnm
269 944 422 1007 barbariae
445 944 551 1007 veteris
572 952 802 1007 monumentum.

156 1040 240 1117 Quod
271 1056 339 1105 vero
367 1041 539 1104 huiusmodi
568 1041 716 1121 singulare
742 1049 889 1105 certamen
915 1042 1073 1105 intrinseca
1102 1044 1282 1121 turpitudine

114 1140 247 1213 vitietur,
266 1138 353 1202 facile
373 1148 454 1217 patet
474 1154 511 1201 ex
530 1138 577 1212 iis,
598 1154 672 1217 qnae
693 1138 770 1201 dicta
795 1146 863 1201 sunt
885 1140 1029 1218 superius,
1053 1140 1130 1203 circa
1153 1141 1281 1203 odicium

114 1238 216 1301 tuendi
232 1238 331 1299 vitam.
344 1234 373 1299 Si
386 1237 463 1299 enim
478 1238 565 1301 homo
580 1237 608 1298 in
624 1238 713 1299 vitam
725 1244 788 1299 tum
804 1253 889 1299 suam
902 1246 964 1299 tum
975 1238 1099 1300 alienam
1111 1240 1159 1302 ius
1169 1239 1281 1301 nullum

113 1337 220 1409 hahet;
234 1336 363 1413 prolecto
377 1336 509 1415 iniquum
532 1344 577 1397 est
598 1344 627 1397 et
649 1335 704 1398 iuri
726 1335 853 1398 naturali
867 1351 1044 1415 repugnans,
1058 1347 1138 1399 certo
1153 1338 1283 1415 periculo

113 1434 288 1497 alterutram
310 1434 420 1497 directe
443 1448 596 1511 exponere.
611 1432 653 1495 At
676 1434 795 1497 veroid
818 1435 852 1496 tit
873 1448 924 1511 per
945 1434 1086 1497 duellum.
1107 1433 1283 1514 Ergo-haec

114 1531 229 1594 insania
251 1531 360 1609 duplici
381 1532 494 1593 malitia
515 1532 849 1622 intrinsecnsafficitnr.

495 1740 669 1807 Solvuntur
689 1741 901 1823 difficultates.

156 1921 204 1989 60.
226 1922 318 1987 Obiic.
334 1922 355 1987 l.
371 1939 407 1987 ex
421 1924 558 2015 dicens,
572 1930 672 1987 contra
694 1924 819 2001 primam
841 1924 1078 2001 propositionem.
1100 1923 1216 1989 Morum
1230 1929 1286 1991 ho·

115 2031 217 2087 nestas
232 2022 314 2085 nullo
328 2023 415 2085 modo
426 2021 571 2085 consentit
586 2030 618 2083 nt
633 2023 721 2084 homo
734 2022 883 2085 hominem
898 2022 1022 2085 scienter
1032 2024 1157 2099 occidat,
1169 2032 1286 2089 utcum-

116 2138 174 2198 que
190 2121 365 2183 necessitate
378 2120 503 2206 adactns
524 2136 554 2182 se
576 2119 684 2183 tuendi.
701 2117 777 2181 Nam
800 2136 887 2182 secus
908 2120 1119 2183 adstruendum
1133 2131 1212 2185 esset
1226 2115 1299 2187 hoc'

116 2220 309 2298 principium:
325 2216 432 2281 Licere
452 2216 569 2279 mulum
580 2221 721 2296 putrore,
737 2218 813 2295 quia
827 2216 908 2280 alter
923 2217 1041 2281 rualem
1060 2218 1148 2283 uobis
1161 2220 1286 2298 inferre

113 2320 251 2396 paratus
273 2318 327 2379 est.
343 2313 407 2379 Hoc
429 2323 528 2378 antem
545 2324 637 2394 ‘quam
658 2316 765 2378 ialsum
788 2315 837 2390 sit,
852 2331 937 2378 nemo
957 2331 1012 2379 non
1031 2317 1119 2396 videt,
1134 2334 1202 2381 cum
1219 2334 1284 2380 rna·

115 2415 179 2477 lum
201 2422 318 2493 patrare
339 2430 487 2493 nunquam
508 2414 604 2477 liceat.

158 2511 194 2576 R.
210 2512 309 2587 Ratio,
324 2528 412 2591 quam
427 2512 615 2575 adversarius
630 2513 715 2574 affert
729 2512 767 2575 ad
780 2528 865 2574 snam
884 2513 1075 2575 assertionem
1090 2514 1280 2591 probandam.

117 2612 233 2675 laborat
247 2612 321 2674 laiso
335 2614 494 2689 supposito.
511 2608 655 2673 Subaudit
669 2611 747 2672 enim
762 2610 935 2673 occisionem
950 2610 1143 2688 aggressuris,
1156 2613 1284 2675 servatis

118 2711 236 2789 legibus
262 2710 358 2772 iustae
379 2708 562 2782 detensionis,
583 2708 688 2771 morali
708 2708 819 2770 malitia
844 2706 967 2785 turpari.
989 2704 1053 2770 Hoc
1078 2717 1175 2771 autem
1200 2726 1284 2773 nemo

120 2808 275 2882 concedet;
290 2806 434 2885 siqnidem
449 2808 525 2870 inest
540 2806 650 2869 homini
671 2806 717 2867 ins
737 2804 895 2883 repellendi
915 2807 976 2869 vim
991 2807 1030 2880 vi,
1050 2823 1103 2869 nec
1125 2807 1186 2870 nlla
1210 2808 1285 2871 obli·
1332 2794 1336 2800 ’

123 2907 238 2985 gatione
259 2906 415 2984 quisquam
435 2904 627 2983 adstringitur
648 2911 680 2965 ut
702 2903 769 2983 plus
791 2903 914 2967 alterius
936 2904 1013 2967 vitae
1030 2904 1174 2980 consulat,
1195 2915 1285 2983 quam

118 3020 198 3067 suae.
213 3002 405 3067 Potissimum
426 3003 494 3082 qnia
517 3004 552 3077 is,
573 3004 623 3081 qui
644 3003 862 3082 aggressionem
883 3002 1004 3080 patitur,
1017 3003 1123 3066 iniuria
1144 3012 1174 3067 et
1194 3006 1285 3068 invite

116 3104 147 3165 in
169 3102 327 3165 discrimen
341 3102 509 3175 adducitur,
523 3116 682 3180 aggressor
696 3107 795 3163 contra
813 3100 943 3179 prudens
956 3099 1107 3179 libensque
1122 3118 1154 3164 se
1168 3102 1198 3164 in
1211 3102 1284 3165 illud

116 3200 246 3266 coniicit.
267 3196 407 3263 Fatemur
432 3202 523 3279 igitur
544 3210 693 3277 nunqnam
721 3199 810 3261 licere
833 3198 944 3261 malum
972 3195 1100 3274 morale;
1122 3208 1154 3262 at
1174 3200 1284 3263 malum

117 3299 229 3362 morale
244 3314 309 3361 esse
324 3314 475 3377 negamus,
496 3298 638 3359 iniustum
660 3312 865 3376 aggressorem
884 3296 1062 3369 interimere,
1083 3305 1115 3359 ut
1137 3298 1285 3375 propriam
1320 3378 1322 3381 Ι

117 3398 212 3465 vitam
227 3407 369 3460 tueamur.
386 3395 479 3460 Immo
499 3395 647 3473 addimus,
662 3395 840 3457 contrariam
853 3396 951 3474 potins
972 3394 1135 3473 opinionem
1151 3395 1283 3458 moribus

119 3510 303 3574 repugnare;
332 3494 476 3573 siquidem
504 3494 569 3555 iura
595 3493 725 3556 nocentis
749 3494 864 3556 iuribus
891 3493 1051 3555 innocentis
1077 3492 1235 3570 anteponit,
1255 3500 1285 3553 et

118 3592 314 3657 conditionem
336 3593 537 3671 improborum
567 3591 718 3654 hominum
741 3592 879 3653 tutiorem
903 3590 1063 3663 efficiendo,
1084 3590 1161 3673 viam
1182 3588 1286 3654 sceleri

115 3690 252 3754 latiorem
275 3690 388 3753 sternit.
725 3772 728 3781 ι

164 3787 256 3852 obito.
277 3786 313 3853 ll.
336 3788 437 3853 contra
466 3788 625 3851 secundam
651 3787 892 3866 propositionem:
915 3784 1022 3849 Saltem
1045 3784 1164 3847 concedi
1189 3784 1286 3862 debet,

113 3890 232 3952 licitum
258 3904 322 3950 esse
347 3892 501 3964 acceptare
526 3885 666 3961 duellum,
689 3886 726 3948 ah
751 3884 807 3947 alio
833 3884 973 3960 oblatum,
994 3882 1116 3959 nequis
1139 3882 1234 3945 timidi
1255 3889 1286 3945 et

115 3986 226 4049 abiecti
248 3986 338 4047 animi
358 3993 456 4048 notam
478 3984 619 4046 incurrat.

162 4082 199 4147 R.
215 4082 330 4156 Quaero
351 4100 387 4145 an
409 4082 557 4161 aggressio
572 4081 694 4159 patriae,
706 4090 755 4141 aut
770 4079 850 4141 aliud
864 4078 977 4141 facinus
991 4084 1104 4140 armata
1124 4094 1212 4142 manu
1235 4095 1287 4156 pa·

117 4183 258 4245 trandum
274 4182 343 4260 eligi
361 4182 464 4259 possit,
478 4194 513 4241 ne
528 4180 635 4242 abiecti
651 4178 739 4241 animi
755 4185 784 4239 et
799 4175 895 4239 timidi
909 4184 1007 4238 notum
1022 4174 1226 4239 incurramus?
1240 4173 1286 4248 ld,

114 4280 177 4343 nisi
199 4295 311 4355 amens,
326 4294 410 4343 nemo
426 4286 546 4341 asseret.
562 4274 683 4351 Quoties
698 4276 788 4355 igitur
803 4273 914 4351 aliquid
936 4281 1021 4352 turpe
1041 4281 1085 4337 cst
1105 4291 1156 4353 per
1177 4290 1217 4348 se,
1231 4271 1285 4336 ad·

181 4392 520 4445 Lrnnnaroan-—Etlticae
536 4400 560 4440 et
577 4391 650 4441 iuris
667 4399 790 4439 naturae.
1160 4378 1165 4385 ’
1195 4386 1230 4435 11·
