3159 4934
371 323 455 366 canna
473 323 508 366 m.
527 325 561 366 nn
578 321 669 366 noem
688 321 860 364 onenanroms
878 321 1006 364 numanae
1239 307 1274 364 89
1366 315 1369 322 '

107 444 211 510 autem,
232 443 264 497 nt
286 435 363 509 talis,
385 451 440 498 non
461 445 596 498 movetur
617 437 654 499 ab
676 435 743 510 alia,
765 434 822 496 nisi
842 435 966 513 imperio
987 443 1017 497 et
1037 435 1174 508 iussione,
1196 450 1273 513 qnae

108 535 219 612 proprie
240 536 435 598 obedientiam
458 542 619 622 generaty
1327 594 1330 602 .

141 631 188 698 tlt.
212 631 388 698 Pannosmno
401 630 444 696 2⁸.
462 631 655 710 Autonoma‘a
669 632 814 712 rationis,
831 651 924 713 quam
940 633 1113 696 adstruunt
1132 631 1273 695 rationo
1309 623 1313 634 ’

108 729 202 809 lisiae,
225 731 353 794 insucto
374 735 430 794 cst.
470 766 471 772 κ
1258 755 1261 762 ·

143 827 225 892 Prob.
241 828 420 892 Autonomia
431 828 564 902 rationis,
578 828 616 890 ad
633 816 1057 908 obligationem'expltcannam
1065 826 1129 890 bon
1140 826 1271 888 assumit

105 927 160 988 nisi
179 927 319 989 rationem
341 927 446 1005 ipsam.
465 925 537 991 Vult
558 927 635 988 enim
657 934 689 988 ut
703 928 820 988 animus
836 928 984 993 humanus
999 928 1029 987 in
1048 925 1195 1002 operando
1210 940 1267 989 non

106 1024 226 1102 accipiat
247 1025 527 1105 determinationem,
549 1025 606 1086 nisi
627 1041 645 1086 a
667 1040 716 1098 se,
729 1025 861 1103 qualibet
889 1025 945 1086 alia
966 1023 1087 1086 exclusa
1109 1030 1267 1101 potestate,

106 1124 186 1184 cuius
206 1123 328 1201 imperio
348 1124 499 1186 subiectus
512 1122 550 1184 sit
566 1120 620 1202 (l).
644 1122 685 1185 At
707 1138 775 1185 roro
789 1123 820 1185 id
834 1123 951 1184 omnino
970 1129 1124 1200 repugnat.
1141 1118 1218 1183 Nam
1240 1121 1272 1187 in

105 1220 201 1296 primis
222 1221 449 1307 radobumana
465 1220 611 1282 declinare
626 1220 728 1298 nequit
743 1221 839 1282 ideam
855 1221 987 1297 supremi
1003 1219 1160 1282 cuiusdam
1175 1215 1271 1289 Emis,

105 1333 185 1394 aquo
194 1318 340 1397 quidquid
353 1309 467 1380 linitum
478 1327 534 1391 est,
545 1319 732 1392 existentiam
745 1321 901 1397 acceperit.
915 1317 994 1396 Ergo
1008 1318 1155 1380 declinare
1170 1316 1273 1394 nequit

104 1415 194 1478 ideam
215 1417 347 1494 supremi
362 1417 515 1478 cuiusdam
530 1418 713 1496 imperantis,
728 1417 779 1494 qui
794 1416 858 1495 lege
871 1433 925 1478 nos
947 1417 1122 1494 adstringat,
1143 1415 1272 1492 velitque

102 1515 249 1577 servatum
263 1514 394 1577 ordinem
405 1530 493 1592 quem
505 1515 616 1577 rebus
608 1517 759 1592 imposuit
772 1512 996 1587 Rationalistae,
1008 1514 1077 1576 dum
1090 1513 1270 1575 contrarium

103 1619 241 1687 statuunt,
263 1615 360 1675 animo
381 1615 509 1704 hunuano
524 1612 644 1704 modum
659 1613 801 1691 operandi
823 1612 967 1712 tribuunt,
981 1611 1033 1689 qui
1049 1607 1101 1672 Dei
1116 1609 1208 1673 solius
1222 1619 1270 1672 est

104 1710 246 1786 proprius.

139 1804 259 1880 Deinde,
282 1809 307 1868 si
329 1814 363 1869 ut
382 1807 582 1870 rationalistae
604 1808 713 1882 volunt,
734 1807 815 1870 illam
837 1808 933 1870 ideam
956 1823 1039 1870 mens
1060 1814 1160 1869 nostra
1180 1805 1270 1868 decli·

103 1913 193 1980 naret;
216 1913 287 1966 tunc
308 1905 604 1992 omnisQigationis
626 1906 706 1969 notio
724 1914 884 1981 corrueret,
899 1907 978 1982 quod
993 1920 1049 1967 non
1064 1899 1165 1967 omues
1180 1905 1270 1968 ratio

103 2001 220 2064 nalistae
244 2002 316 2064 velle
338 2003 482 2066 videntur.
501 2002 540 2066 Et
562 2019 631 2066 sane
650 2004 790 2082 obligatio
811 2004 985 2065 exercitium
1007 2003 1220 2066 iurisdictionis
1239 2010 1271 2064 et

103 2101 252 2176 potestatis
263 2100 291 2162 in
307 2100 454 2179 obligante
469 2102 618 2174 subaudit,
633 2111 721 2179 atque
672 2089 801 2164 ”ideo
816 2102 1035 2164 distinctionem
1051 2102 1179 2178 exquirit
1193 2102 1269 2163 inter

102 2198 274 2308 obligantem
289 2206 319 2261 et
333 2198 505 2276 obligatum,
517 2215 576 2260 seu
583 2199 659 2262 inter
672 2200 853 2276 superiorem
868 2209 898 2262 et
910 2200 1072 2262 subditum
1085 2199 1178 2277 Atqui
1194 2200 1269 2262 ratio

103 2271 254 2358 hominus
234 2296 295 2358 ab
287 2298 402 2374 rpsolm
361 2287 480 2359 lammae
495 2313 550 2359 non
563 2297 765 2376 distinguitur,
778 2313 846 2359 cum
859 2313 914 2360 non
930 2298 969 2358 sit
982 2298 1039 2358 nisi
1049 2299 1114 2359 eins
1127 2295 1268 2370 lacultns3

103 2393 188 2456 multo
201 2401 302 2456 autern
317 2394 415 2456 minus
429 2395 609 2458 considerari
627 2404 725 2474 potest
740 2405 892 2474 tamquam
907 2392 1026 2458 bomine
1040 2396 1184 2473 superior,
1198 2410 1267 2456 curn

102 2491 219 2555 incultas
246 2507 302 2554 non
328 2493 368 2554 sit
392 2491 450 2554 nisi
478 2492 560 2556 velut
580 2495 806 2556 instrumentum
828 2494 953 2557 subiecti
973 2494 1011 2555 ad
1032 2493 1110 2571 quod
1132 2493 1266 2570 pertinet.

103 2586 173 2668 Ergo
193 2591 225 2652 in
249 2591 393 2653 sententia
414 2592 667 2654 rationalistarum
689 2593 804 2654 animus
823 2593 972 2654 humanus
993 2592 1071 2654 omni
1092 2591 1269 2670 obligat-ione

103 2688 156 2748 reri
173 2688 300 2751 nominis
321 2689 503 2762 solveretnr;
525 2705 560 2751 ao
582 2689 705 2767 proinde
726 2689 908 2753 incredibilis
934 2689 1115 2766 perturbatio
1135 2689 1267 2752 ordinem

102 2785 234 2850 moralem
252 2793 286 2858 ¹et
307 2786 465 2849 inridionm
487 2786 647 2849 invaderet.
977 2859 982 2866 ,
1341 2775 1344 2780 ’

84 2875 95 2914 ²³
137 2881 223 2948 Ratio
245 2885 275 2946 in
289 2885 374 2948 nobis
389 2884 565 2962 principium
583 2891 629 2946 est
644 2885 831 2962 obligationis
845 2901 901 2948 non
916 2885 1077 2964 gignendae
1091 2884 1144 2947 sed
1162 2900 1269 2964 cogno·

101 2982 230 3056 soendae3
254 2989 343 3060 atque
362 2983 428 3046 ideo
449 2999 505 3044 non
527 2983 613 3046 aliter
644 2983 748 3060 inspici
772 2999 808 3061 po
809 2991 878 3060 t,est
903 2983 960 3046 nisi
981 2992 1132 3062 tamqnam
1154 3000 1268 3062 praeco,

34 3119 36 3126 ·
100 3077 147 3154 qni
166 3081 280 3143 nomine
302 3079 443 3144 Auctoris
464 3089 587 3143 naturae
608 3080 757 3159 loquatur,
778 3089 810 3144 et
831 3097 882 3159 per
901 3098 988 3160 quem
1010 3082 1124 3155 Auctor
1145 3091 1267 3145 naturae

101 3176 177 3238 nobis
197 3194 253 3241 sua
273 3178 354 3240 iussa
378 3179 554 3257 promulget.

87 3253 325 3401 finqnies
341 3273 371 3339 Si
393 3277 435 3338 ita
456 3283 545 3356 esset,
567 3284 636 3340 tnnc
658 3279 687 3340 in
709 3277 843 3355 quolibet
864 3277 972 3340 indicio
993 3280 1123 3357 practico
1144 3239 1298 3343 rationi&
1392 3339 1397 3344 .

83 3372 292 3457 ,cogitaremus
313 3373 349 3434 de
370 3371 440 3436 Deo.
463 3372 496 3436 ld
519 3389 597 3448 vern,
620 3381 653 3437 ut
674 3375 853 3452 experientia
875 3384 1002 3449 constat,
1022 3378 1131 3439 falsum
1152 3384 1205 3438 est.

138 3467 323 3548 Respondeo:
344 3470 411 3535 Etsi
433 3487 485 3534 nos
505 3473 690 3552 quandoque,
712 3475 740 3535 in
763 3475 906 3537 eiusmodi
927 3476 1117 3538 efformandis
1136 3475 1264 3549 iudiciis,

102 3581 155 3628 non
169 3571 329 3647 cogitamus
342 3570 379 3631 de
393 3567 455 3632 Deo
475 3571 613 3648 explicite
634 3581 664 3634 et
684 3572 832 3650 distincte,
855 3588 970 3651 semper
985 3583 1081 3636 tamen
1100 3574 1265 3652 cogitamus

101 3664 286 3742 impliciteet
307 3669 432 3730 contuse.
450 3665 571 3746 Semper
585 3670 662 3731 enim
685 3669 715 3733 in
735 3670 796 3732 illis
816 3670 986 3735 involvitur
999 3673 1143 3734 obscurus
1158 3671 1263 3733 saltem

141 3881 175 3943 (l)
191 3900 205 3928 ιι
217 3882 364 3933 L'assoluta
382 3885 547 3947 praenotione
570 3883 636 3934 della
652 3881 748 3932 morale
770 3898 865 3932 umana
885 3885 931 3933 che
953 3883 1058 3943 l’nomo,
1077 3883 1264 3947 indipendente·

99 3965 175 4010 mente
192 3962 225 4012 du
242 3962 288 4012 Dio
305 3978 319 4011 e
337 3963 486 4014 dall'ordine
502 3963 599 4012 morale
617 3963 676 4012 dato
694 3963 726 4012 da
743 3963 799 4021 Dio,
823 3963 898 4012 abbia
915 3962 1055 4011 solamente
1078 3964 1119 4012 nel
1141 3980 1188 4014 suo
1206 3980 1264 4029 pen·

99 4039 158 4090 siero
174 4041 191 4091 il
205 4044 328 4108 principio
345 4059 358 4092 e
374 4044 390 4092 il
408 4050 544 4094 contenuto
561 4043 648 4104 d'ogni
665 4043 783 4092 moratica
800 4057 814 4090 e
829 4043 855 4090 la
870 4043 964 4091 facoltd
987 4043 1011 4093 di
1028 4043 1182 4108 adempierla
1211 4045 1262 4095 tale

98 4119 140 4169 eil
155 4129 279 4172 carattere
296 4124 484 4173 fundamentales
501 4123 565 4172 della
580 4122 688 4172 filosofia
704 4121 890 4171 rationalistica
912 4123 968 4170 anzi
991 4122 1194 4174 dell'universale
1210 4131 1265 4174 ten·

100 4197 171 4250 denne
187 4203 325 4252 scientifica
337 4203 401 4254 delle
412 4203 537 4253 Risorma.
550 4221 563 4248 s
583 4203 674 4250 Storia
691 4202 762 4250 della
779 4202 907 4263 Filosofia
922 4203 965 4252 del
974 4204 1078 4254 Diritto
1090 4205 1115 4255 di
1126 4207 1262 4256 annntco

99 4279 182 4332 Grntto
200 4283 298 4344 Sanun,
314 4284 360 4335 lib.
374 4285 397 4344 2,
415 4301 464 4336 sen.
480 4283 502 4333 8.
520 4282 678 4332 Traduaione
697 4279 737 4330 dol
754 4281 865 4331 tedesco.

34 4382 190 4430 ¹'''
367 4405 433 4440 t,

226 4447 348 4478 pum,

87 4543 89 4550 ¹
135 4525 180 4570 atq
207 4533 376 4596 {figam-4,
459 4569 489 4578 ,,

132 4615 142 4646 a
207 4599 264 4647 .()

104 4774 108 4783 .-
251 4765 265 4792 ¹:

146 4797 174 4816 Ἀ
198 4801 226 4819 Q.
251 4806 257 4820 ,ι

143 4810 171 4846 ²52
192 4811 246 4840 ι,,,

141 4885 145 4893 ι
