3159 4934
316 327 367 383 156
598 340 638 382 rus
656 339 781 382 saronae
800 358 811 367 -
828 340 896 382 raus
914 340 931 381 t.
948 338 991 381 rus
1008 338 1176 381 umrvmuauu

347 453 397 517 55.
419 452 594 517 Pnoaosrrro
619 451 662 517 3⁸.
689 452 765 516 Nou
790 454 966 533 opponitur,
994 453 1087 515 immo
1108 454 1203 515 amice
1224 452 1388 517 concordet
1406 454 1476 515 t'un'

312 556 455 627 naturae,
476 550 612 630 corporis
626 551 785 615 moderatu
802 550 976 631 castigatio,
991 548 1034 612 cd
1053 548 1244 627 frenandam
1259 552 1476 630 coucupiscen-

313 651 388 715 uam
408 655 439 714 et
458 652 557 715 cuimt'
576 652 611 715 iu
630 668 741 730 corpus
761 650 924 730 imperium
944 649 1116 729 expeditius
1136 648 1337 730 efficiendum.

352 749 438 813 Proh.
461 747 567 814 Militat
589 751 664 812 haec
685 749 777 812 thesis
798 749 942 811 advorsus
956 748 1128 812 delicatulus
1141 748 1285 827 quosdam
1300 750 1391 812 nostri
1403 752 1478 811 aevi

315 848 517 927 philosophos,
531 848 594 926 qni,
607 848 645 909 ud
659 847 865 909 blandiendum
880 847 1025 926 sensibus,
1044 862 1145 909 omnes
1164 847 1324 927 generatim
1339 848 1477 925 corporis

310 945 528 1024 castigationes,
551 960 627 1023 quae
651 960 704 1023 pro
729 946 837 1008 virtute
859 953 1060 1018 assumuntur,
1089 953 1239 1022 tamquam
1264 945 1322 1006 iuri
1349 953 1479 1009 naturae

310 1045 451 1106 adversas
471 1033 686 1105 et‘ascctarum
707 1042 870 1105 dementias
889 1042 1114 1120 reprehendunt.
1136 1043 1178 1104 At
1198 1043 1256 1103 iuri
1276 1051 1395 1104 naturae
1416 1044 1479 1105 ad·

310 1158 430 1205 versum
455 1149 534 1204 certe
561 1156 617 1204 non
637 1149 692 1216 est,
712 1143 812 1204 dolore
832 1142 921 1204 etiam
942 1141 1062 1213 indicm,
1084 1141 1265 1204 luxuriantes
1287 1157 1479 1219 compescere

315 1239 500 1316 cupiditates,
527 1246 557 1300 et
581 1238 691 1316 aliquid
716 1240 806 1301 etiam
832 1238 946 1301 licitum
973 1239 1146 1302 subtrahere
1170 1238 1314 1314 sensibus
1339 1248 1370 1301 ut
1389 1240 1479 1303 intra

308 1337 449 1400 arctiores
467 1335 577 1399 limites
599 1337 815 1413 circumscripti
835 1344 917 1398 extro
937 1336 1056 1414 erugari
1079 1352 1136 1399 non
1156 1337 1291 1399 audeant.
1315 1336 1409 1415 Atque
1442 1338 1479 1399 id

308 1450 342 1496 co
363 1435 458 1512 magis
485 1442 680 1512 opportunum
707 1444 762 1508 est,
783 1434 863 1512 quod
887 1434 1084 1511 inpraesenti
1105 1434 1289 1511 appetituum
1310 1449 1418 1513 pugna,
1443 1443 1477 1497 et

308 1533 447 1595 conflictu
467 1532 609 1596 rationem
638 1532 714 1594 inter
738 1539 766 1593 et
787 1546 916 1604 sensum,
936 1532 986 1593 vix
1006 1538 1058 1616 ant
1079 1546 1114 1593 ne
1135 1532 1184 1595 vix
1205 1532 1323 1610 quidem
1345 1531 1477 1611 spiritus

308 1630 382 1692 satis
401 1631 532 1693 exerceri
553 1630 646 1707 possit
667 1640 696 1692 et
717 1629 898 1691 dominatum
913 1629 943 1690 in
956 1643 1063 1705 corpus
1074 1630 1206 1706 retinere,
1222 1629 1283 1692 sine
1297 1632 1477 1707 congruenti

306 1729 404 1808 aliqua
431 1744 569 1791 sensuum
597 1729 786 1806 repressione.
808 1726 871 1791 Nec
898 1728 985 1791 timor
1010 1727 1182 1790 minuendae
1201 1728 1335 1791 sanitatis
1354 1727 1477 1806 aliquid

309 1827 489 1889 adversariis
510 1827 596 1888 lavet.
612 1824 644 1889 lu
667 1826 768 1902 primis
782 1826 872 1898 enim,
891 1825 1008 1887 etiamsi
1024 1827 1052 1887 in
1070 1841 1191 1904 corpore
1205 1826 1373 1903 castigando
1394 1825 1476 1889 levis

305 1922 404 2000 aliqua
425 1924 532 1985 virium
554 1933 606 1986 aut
625 1924 765 2002 longioris
785 1924 864 1986 vitae
883 1923 997 1985 iactura
1019 1926 1117 1995 fierem
1137 1924 1167 1986 id
1191 1925 1304 1985 affatim
1331 1939 1476 2001 compen-

307 2028 389 2083 satur
410 2021 513 2084 altiore
533 2022 616 2095 bono,
631 2022 770 2084 nimirum
791 2022 882 2083 animi
895 2023 1079 2101 perfectione,
1093 2022 1171 2099 quod
1184 2023 1249 2083 inde
1267 2022 1472 2099 consequitur.
1573 2095 1574 2098 Ἴ

304 2120 388 2181 Anne
415 2118 552 2181 laudibus
574 2120 672 2182 offerri
696 2136 750 2183 non
776 2120 851 2184 solet
875 2120 910 2193 is,
930 2120 982 2198 qui
1007 2136 1040 2182 se
1060 2129 1154 2184 totum
1179 2120 1318 2183 scientiae
1343 2120 1473 2197 addicit,
1573 2123 1574 2144 ¹

305 2217 443 2295 quamvis
463 2217 566 2280 exinde
584 2217 725 2294 paulatim
740 2218 827 2281 atteri
841 2218 919 2282 vires
933 2235 967 2281 ac
982 2222 1079 2281 minus
1092 2219 1265 2298 longaevum
1281 2235 1313 2281 se
1332 2220 1472 2284 loturum

185 2302 188 2309 '
300 2316 424 2377 noscat?
442 2312 560 2389 Deinde,
580 2317 637 2379 hoc
650 2315 738 2378 etiarn
754 2316 960 2380 detrimentum
976 2318 1075 2395 negari
1092 2326 1197 2394 posset.
1213 2315 1254 2381 Ut
1272 2319 1349 2380 enim
1367 2334 1473 2383 exem-

260 2432 262 2439 ’
305 2413 361 2490 plis
376 2414 536 2477 innumeris
551 2422 732 2492 compertum
754 2424 809 2489 cst,
823 2416 974 2478 moderata
995 2415 1126 2492 corporis
1147 2416 1303 2494 castigatio
1317 2417 1472 2490 diuturni-

301 2511 356 2572 tati
370 2511 447 2575 vitoe
461 2512 580 2574 minime
591 2512 689 2585 obest;
708 2513 755 2575 cui
771 2515 868 2589 potius
881 2522 965 2576 nocet
978 2511 1122 2591 ingluvies
1135 2522 1165 2576 et
1179 2522 1261 2598 tenor
1277 2516 1355 2578 vitae
1368 2516 1472 2581 mollis
1572 2555 1573 2568 κ

299 2617 330 2670 et
349 2610 550 2689 voluptuosae,
570 2626 660 2688 quam
681 2612 732 2673 isti
753 2612 955 2675 sensibilitatis
975 2613 1141 2675 defensores
1163 2629 1218 2676 non
1233 2614 1359 2676 multum
1381 2632 1472 2680 arer-

299 2715 408 2769 santur.

677 2884 850 2949 Solvuntur
869 2886 1079 2966 difficultates.

339 3090 388 3175 56.
416 3092 507 3158 Obiit.
523 3114 559 3160 cx
574 3099 704 3163 Auctore
715 3097 901 3179 Sgstetuctt's
914 3104 1055 3165 ceturae.
1068 3101 1362 3182 Necandoseipsum,
1383 3108 1469 3171 nulla

298 3192 394 3257 officia
415 3193 577 3258 laeduntur.
593 3194 658 3260 Nou
673 3200 791 3276 quidem
805 3200 900 3263 officia
916 3215 985 3278 erga
1000 3217 1046 3274 se;
1063 3211 1123 3263 tum
1145 3204 1213 3281 quia
1228 3203 1337 3266 volenti
1356 3221 1414 3267 non
1430 3208 1468 3269 fit

298 3291 414 3365 iniuria,
428 3300 490 3353 tum
505 3293 573 3370 quia
596 3302 639 3356 tot
652 3295 845 3358 circumstare
860 3305 979 3374 pissuul
999 3299 1088 3371 mala,
1104 3306 1136 3361 ut
1150 3300 1210 3362 vita
1229 3300 1270 3362 sit
1290 3287 1469 3366 fundamen-

295 3399 357 3452 tum
372 3405 429 3453 non
449 3389 598 3453 felicitatis
617 3392 668 3455 sed
689 3394 833 3456 miseriae.
847 3392 943 3468 Quare
965 3412 1033 3459 cum
1054 3398 1118 3459 eius
1138 3399 1275 3462 vitandae
1288 3400 1365 3463 hanc
1381 3404 1468 3466 viam

295 3498 398 3549 natura
417 3489 602 3563 concesserit,
617 3490 725 3567 optime
740 3479 927 3555 indicavit'se
948 3494 1032 3556 nobis
1054 3502 1226 3571 potestatem
1247 3497 1345 3560 lacero
1359 3502 1468 3564 utendi

299 3585 428 3648 remedio
448 3584 508 3658 illo,
523 3586 549 3646 si
563 3585 706 3649 volumus.
720 3584 801 3665 Ergo
821 3589 868 3649 ius
888 3590 977 3652 etiam
998 3600 1120 3655 naturae
1137 3608 1193 3654 non
1214 3593 1349 3657 violatur.
1365 3597 1468 3678 Adde,

298 3682 458 3745 dominium
480 3682 509 3743 io
530 3684 683 3745 materiam
704 3684 787 3747 uobis
802 3687 943 3749 tributum
964 3704 1040 3763 essm
1062 3697 1093 3751 at
1114 3705 1182 3753 vero
1203 3690 1282 3754 circa
1304 3695 1469 3757 mnmriam

295 3780 411 3854 proprie
430 3795 596 3858 operamur,
611 3795 678 3842 curu
699 3789 824 3844 mortem
846 3784 929 3845 uobis
949 3784 1109 3847 interimus.
1124 3784 1289 3866 Praeterea,
1311 3792 1390 3853 ratio
1412 3793 1469 3855 be-

296 3874 392 3935 neficii
413 3893 448 3938 ac
467 3876 544 3950 doni,
563 3893 640 3956 quae
660 3880 690 3939 iu
713 3879 772 3940 vita
793 3880 966 3954 continetur,
987 3883 1127 3960 importat
1148 3892 1181 3946 ut
1201 3886 1308 3964 ipsam,
1330 3889 1358 3949 si
1377 3886 1469 3965 libet,

296 3972 462 4034 renuntiare
476 3975 634 4053 possimus,
657 3977 827 4054 praesertim
849 3993 916 4040 cum
937 3978 1049 4041 nullum
1068 3981 1152 4044 initio
1172 3982 1209 4044 ad
1229 3998 1295 4045 cam
1318 3986 1470 4063 recipien-

296 4064 364 4126 dam
387 4081 558 4133 conseusum
572 4073 749 4136 dederimus.
764 4072 905 4152 Denique,
920 4077 1123 4155 suimetipsius
1137 4080 1304 4145 interlector
1324 4084 1470 4149 societati

292 4163 430 4225 iniuriam
451 4181 507 4228 non
528 4169 613 4244 iacit;
633 4173 742 4250 quippe
763 4173 930 4250 contingere
952 4183 1048 4250 potest
1069 4183 1102 4237 ut
1121 4178 1189 4255 quis
1210 4178 1325 4241 inutilis
1339 4183 1468 4247 omuino

293 4261 399 4323 evadat
414 4263 557 4362 societati,
579 4267 622 4329 vel
637 4269 763 4332 societas
777 4270 836 4347 ipsi
854 4270 974 4349 deneget
997 4274 1142 4350 praesidia
1162 4291 1240 4353 quae
1259 4286 1392 4354 prestare
1417 4290 1471 4346 te·
