3159 4934
301 271 353 327 tto
587 286 629 327 rus
646 283 770 327 utrumn
788 302 799 311 -
818 282 887 326 anns
903 284 920 325 r.
940 280 983 324 rus
999 282 1169 324 rnnrvtuuntn

299 400 373 461 satis
394 399 515 462 eruitur.
540 396 617 463 Nam
645 400 774 461 definitio
802 399 889 463 debet
910 398 1025 461 desumi
1044 414 1082 460 err
1102 398 1215 461 ratione
1234 397 1364 472 formali3
1387 395 1467 459 ratio

298 505 396 558 autern
417 496 548 559 formalis
568 497 711 560 mendacii
733 498 763 558 in
784 512 820 560 eo
839 498 896 560 sita
916 504 971 570 est,
990 496 1069 575 quod
1090 496 1158 575 quis
1180 494 1344 559 voluntarie
1356 493 1463 557 fanum

296 595 433 659 enuntiet.
452 592 535 659 Unde
555 596 671 658 definiri
692 603 808 673 posset:
829 593 1022 659 Enonrtarto
1040 592 1132 672 falsi,
1153 612 1192 657 ec
1210 592 1373 657 volontate
1390 609 1468 670 pro-

296 691 413 755 cedens.
428 690 509 757 Haec
529 701 628 755 autem
650 692 748 757 locum
773 694 864 757 habet
887 693 976 756 etiam
992 693 1021 756 in
1036 692 1188 755 mendacio
1209 691 1309 755 iocoso
1329 698 1383 753 aut
1396 687 1469 771 offi-

296 791 393 866 cioso·
414 792 492 870 qnod
515 791 633 869 proinde
654 801 700 855 est
721 808 771 870 per
793 808 826 855 se
847 792 966 854 malum.
989 788 1143 854 Praeterea
1165 790 1349 853 mendacium
1372 789 1468 852 etiam

295 888 429 951 iocosum
443 897 495 951 aut
508 886 678 968 officiosum
693 898 798 951 natura
813 906 867 951 sua
877 890 976 952 tendit
990 890 1028 951 ad
1042 888 1147 951 falsam
1162 888 1327 965 opinionem
1342 889 1468 966 gignen-

296 986 364 1048 dam
386 988 415 1048 in
436 987 580 1064 audiente,
594 986 663 1049 licet
682 988 713 1049 id
737 1003 791 1049 non
813 987 979 1049 intendatur
1001 1003 1018 1048 a
1039 986 1191 1065 loquente3
1213 1002 1247 1050 ac
1270 985 1391 1062 proinde
1408 984 1468 1044 suo

296 1086 353 1146 hoc
375 1092 511 1162 respectu
530 1085 686 1161 opponitur
709 1100 760 1163 per
782 1100 815 1147 se
835 1085 891 1148 iuri
907 1084 1043 1147 aliorum.
1276 1154 1282 1163 ,

342 1178 437 1244 Obir'c.
459 1180 508 1245 111.
524 1180 607 1246 Sicut
621 1184 683 1245 iure
697 1190 820 1244 naturae
835 1183 1006 1259 prohibetur
1021 1182 1218 1258 mendacium,
1234 1182 1278 1243 sic
1292 1180 1383 1243 etiam
1397 1180 1468 1243 iure

296 1287 420 1340 naturae
434 1280 604 1355 prohibetur
618 1280 820 1343 homicidium.
836 1279 928 1357 Atqui
943 1280 1008 1343 dari
1024 1287 1146 1356 possunt
1167 1277 1421 1352 circumstantiae,
1435 1277 1466 1339 in

297 1376 404 1453 quibus
424 1378 614 1440 homicidium
637 1378 688 1439 dat
709 1377 835 1451 licitum,
856 1384 889 1439 ut
909 1392 977 1440 cum
1002 1393 1177 1456 dugunnu
1199 1376 1295 1455 possit
1315 1376 1401 1439 aliter
1424 1375 1470 1438 in-

297 1475 374 1535 iusta
397 1476 547 1553 aggressio
568 1474 679 1551 repetii.
701 1474 780 1555 Ergo
801 1492 818 1538 a
841 1476 902 1553 pari
924 1476 1000 1538 idem
1023 1474 1180 1539 dicendum
1201 1475 1238 1538 de
1257 1473 1419 1537 mendacio

335 1570 371 1635 R.
393 1569 483 1650 Nepo
498 1572 677 1650 paritatem.
693 1570 769 1635 Nam
785 1574 949 1636 interiectio
963 1573 1098 1635 hominis·
1108 1572 1255 1649 prohibita
1269 1573 1315 1634 est
1330 1572 1358 1633 vi
1373 1573 1466 1635 officii

296 1684 352 1732 non
373 1669 507 1732 laedendi
527 1670 609 1743 alios,
630 1671 709 1749 quod
730 1672 843 1733 corruit
863 1680 998 1749 respectu
1018 1672 1121 1733 iniusti
1142 1669 1340 1749 aggressoris;
1362 1668 1470 1733 coiliso

296 1767 360 1829 eius
373 1767 437 1829 iure
452 1767 544 1830 aiure
556 1767 654 1830 tuendi
667 1768 821 1845 nosipsos.
834 1766 890 1830 Sed
904 1767 1091 1831 mendacium
1106 1768 1230 1830 vetitum
1245 1775 1289 1830 εει
1300 1782 1357 1829 non
1367 1766 1468 1830 solum

296 1872 415 1943 propter
437 1866 586 1939 damnum,
599 1866 678 1945 quod
693 1866 827 1945 proximo
840 1868 936 1941 infert,
955 1868 1008 1931 sed
1028 1868 1117 1931 etiam
1134 1874 1252 1945 propter
1271 1866 1465 1929 intrinsecam

296 1962 553 2041 deordinationem,
574 1980 663 2043 quarn
686 1964 775 2027 hahet
798 1966 853 2027 hoc
875 1966 950 2043 ipso,
970 1965 1048 2043 quod
1070 1965 1110 2027 sit
1130 1962 1323 2027 enuntiatioa
1339 1963 1464 2025 veritate

295 2058 477 2123 discordans.
491 2058 574 2125 Unde
585 2077 734 2139 nunquam
746 2062 866 2141 spoliari
882 2070 978 2139 potest
991 2062 1104 2125 malitia
1119 2079 1183 2136 sua,
1194 2061 1273 2124 sieut
1285 2060 1463 2139 quandoque
1572 2077 1573 2128 3

297 2157 442 2235 spoliatur
452 2159 653 2238 homicidium,
665 2160 717 2222 sed
730 2175 781 2237 per
791 2176 823 2222 se
833 2160 926 2223 tendit
939 2160 978 2222 ad
992 2159 1164 2232 fallendum,
1175 2158 1246 2221 licet
1260 2174 1312 2236 per
1326 2157 1467 2222 accidens
1572 2177 1573 2226 t

297 2275 355 2323 non
377 2257 470 2321 fatiat.
484 2256 565 2321 Finis
579 2267 689 2335 autem,
703 2259 759 2320 etsi
775 2260 878 2330 bonus,
899 2272 1048 2335 nunquam
1063 2258 1178 2320 auterre
1193 2263 1290 2333 potest
1309 2255 1469 2328 malitiam,
1572 2291 1574 2340 t

298 2371 375 2435 quae
396 2356 528 2419 nascitur
548 2372 584 2418 ex
604 2356 733 2429 obiecto,
748 2362 780 2417 ut
795 2357 824 2417 iu
839 2354 946 2418 Stoica
960 2356 1192 2418 demonstratum
1208 2363 1262 2417 εει.

341 2450 433 2516 Obice.
449 2450 501 2517 IV.
519 2474 536 2510 «
552 2450 735 2516 Mendacium
750 2462 806 2529 est,
821 2455 847 2515 si
862 2454 929 2531 quis
944 2468 1000 2515 non
1014 2452 1136 2541 impleat
1148 2452 1228 2530 quod
1242 2450 1388 2530 promisit
1404 2446 1466 2513 Sed

297 2568 353 2615 non
374 2550 472 2613 omnia
494 2552 638 2629 promissa
663 2559 732 2613 suut
759 2551 915 2628 implenda.
938 2549 1019 2621 Dicit
1042 2551 1120 2611 enirn
1144 2545 1350 2613 Isidorusrlu
1369 2544 1470 2611 mato
1571 2605 1572 2616 ,

292 2648 461 2728 promissis
474 2648 614 2712 rescinde
627 2647 728 2726 fidene.
744 2647 823 2727 Ergo
839 2663 893 2710 non
908 2663 994 2710 omne
1008 2647 1194 2718 mendacium
1208 2654 1255 2709 est
1269 2652 1435 2723 peccatum.
1447 2666 1467 2701 »
1571 2675 1572 2734 r

338 2744 373 2808 R.
389 2743 471 2808 Haec
485 2746 619 2820 obiectio,
633 2762 710 2824 quae
722 2746 896 2825 proponitur
909 2761 926 2807 a
942 2743 971 2808 S.
987 2744 1110 2819 Thema,
1124 2745 1169 2807 sic
1183 2744 1294 2823 optime
1307 2742 1464 2808 abeodem
1571 2741 1573 2808 ἰ

294 2842 471 2905 resolvitur:
498 2842 709 2918 «Dicendum,
733 2844 812 2922 qnod
841 2843 898 2922 ille,
922 2844 971 2921 qui
1001 2843 1113 2921 aliquid
1141 2836 1295 2921 promittit,
1320 2842 1346 2903 si
1371 2842 1466 2905 habet

296 2940 426 3001 animum
453 2941 577 3003 faciendi
604 2941 682 3019 quod
710 2941 866 3019 promittit,
895 2956 950 3002 non
980 2941 1135 3003 mentitur:
1162 2941 1229 3020 quia
1255 2955 1311 3001 non
1333 2938 1469 3015 loquitur

296 3043 396 3100 eontra
424 3037 465 3109 id,
489 3039 566 3115 quod
595 3040 670 3116 gerit
695 3040 724 3101 in
746 3046 850 3102 mente.
878 3035 908 3101 Si
930 3053 998 3101 vero
1026 3054 1081 3100 non
1101 3039 1192 3101 iaciat
1212 3038 1291 3116 quod
1314 3036 1465 3114 promisit,
1570 3109 1571 3112 Ἴ

296 3148 366 3199 tune
389 3136 502 3199 videtur
526 3137 682 3201 infideliter
707 3152 793 3217 agere
819 3152 870 3215 per
891 3138 957 3215 noc,
978 3137 1058 3215 quod
1079 3137 1210 3199 animum
1233 3142 1338 3197 mutat.
1361 3131 1469 3197 Potest

295 3245 391 3297 tamen
412 3234 547 3297 excusari
569 3252 605 3298 ex
630 3236 754 3299 duobus.
770 3234 835 3299 Uno
850 3235 946 3308 modo,
961 3235 987 3296 si
1003 3234 1136 3313 promisit
1159 3234 1190 3295 id
1211 3234 1292 3312 quod
1312 3232 1469 3295 manifeste
1570 3241 1572 3306 ι

294 3342 338 3395 εει
357 3332 503 3405 illicitum,
523 3334 593 3411 quia
614 3334 811 3412 promittendo
834 3332 982 3409 peccarim
1004 3333 1144 3396 mutando
1165 3339 1264 3395 autem
1281 3330 1467 3409 propositum

296 3432 366 3492 bene
387 3432 458 3493 iacit
473 3428 523 3510 (1).
539 3430 606 3493 Alio
621 3430 716 3506 modo,
740 3430 765 3491 si
790 3437 861 3491 sunt
876 3437 1007 3492 mutatae
1021 3430 1204 3493 conditiones
1226 3442 1419 3507 personarum
1435 3436 1467 3490 et

295 3528 486 3606 negotiorum.
501 3524 542 3591 Ut
555 3529 632 3589 enim
654 3524 763 3591 Seneca
784 3527 858 3589 dicit
878 3528 906 3588 in
928 3528 1004 3589 libro
1020 3525 1068 3589 De
1088 3525 1245 3605 mnesides
1261 3526 1321 3606 (lib.
1337 3524 1367 3599 4,
1382 3540 1409 3588 ε.
1424 3520 1467 3587 34
1569 3549 1570 3582 ι

295 3633 324 3687 ει
344 3623 404 3703 35),
425 3627 464 3688 ad
484 3624 543 3686 hoc
563 3626 641 3703 quod
665 3626 753 3687 horno
774 3631 906 3687 teneatur·
919 3626 1016 3687 tacere
1037 3626 1115 3703 quod
1137 3626 1280 3703 promisit,
1301 3625 1467 3703 requiritur

295 3722 374 3800 qnod
388 3722 484 3786 omnia
499 3722 653 3783 immutata
671 3731 874 3798 permanenut3
897 3722 1026 3799 alioquin
1049 3737 1101 3785 nec
1121 3723 1177 3787 tuit
1198 3722 1322 3785 mendax
1344 3722 1374 3783 in
1396 3737 1469 3800 pro-

296 3820 446 3897 mittendo,
467 3819 536 3898 quia
558 3819 692 3895 promisit
714 3820 793 3896 quod
808 3820 938 3883 habebat
952 3821 981 3880 in
997 3827 1105 3894 mente,
1119 3819 1333 3883 subintelieotis
1354 3820 1470 3883 debitis

295 3917 520 4003 conditionibus,
551 3933 603 3981 nec
630 3918 719 3980 etiam
746 3926 793 3979 est
819 3917 947 3980 infidelis
968 3932 1025 3979 non
1045 3918 1193 3995 implendo
1213 3916 1293 3997 quod
1315 3916 1469 3996 promisit,
1568 3983 1569 3992 ,

294 4013 362 4089 quia
383 4014 500 4077 aeedem
522 4013 702 4078 conditiones
724 4030 779 4077 uon
801 4022 923 4077 exstant
945 4010 996 4093 (2).
1013 4035 1030 4070 »
1568 4001 1569 4020 ’

341 4187 375 4249 (l)
388 4187 412 4235 ld
426 4187 604 4244 valetetiamri
616 4190 757 4239 iuramento
770 4191 922 4253 promissum
935 4190 1084 4240 obfirmavit
1097 4191 1270 4240 loramentum
1282 4192 1351 4239 enirn
1364 4191 1468 4243 addidit

294 4268 383 4331 culpae
392 4268 516 4316 rationem
526 4268 656 4330 sacrilegii,
668 4270 713 4318 scd
724 4284 776 4317 rem
789 4269 900 4318 illicitam
910 4272 935 4317 in
948 4269 1041 4319 licitam
1053 4286 1103 4319 uon
1116 4272 1248 4320 convertit.

340 4346 377 4410 (2)
396 4347 507 4397 Summa
525 4347 559 4396 th.
577 4347 610 4396 1.θ
627 4346 675 4397 2.”
693 4363 715 4412 q.
732 4348 758 4408 C,
770 4355 818 4398 art.
829 4347 851 4405 3,
863 4349 896 4398 ad
912 4349 934 4397 5.
