3159 4934
338 395 393 450 ete
659 409 700 452 ms
719 411 846 454 narnate
864 429 875 442 ·
892 409 961 454 nans
978 411 1005 452 n.
1024 407 1067 453 ins
1084 406 1191 451 somnne

338 532 428 602 atque
448 523 485 585 ad
505 522 602 602 ipsum
624 523 787 600 ponendum
811 523 930 603 obligat.
952 521 1077 587 Fallitur
1097 522 1222 600 deniqne
1243 521 1369 597 Absens,
1390 519 1441 596 oui
1468 533 1512 581 ex

339 618 401 685 sola
423 619 593 683 educatione
613 621 659 682 ius
683 620 796 698 patriae
818 620 974 699 potestatis
994 620 1108 683 derivat
1129 617 1180 698 (l).
1203 615 1271 680 Etsi
1290 618 1368 680 enim
1392 616 1515 680 idcirco

337 721 433 800 patria
455 727 586 798 potestas
606 736 622 781 a
645 726 748 782 natura
772 721 919 794 tribuitur,
935 729 969 781 nt
982 728 1119 798 parentes
1137 717 1212 795 proli
1233 716 1401 779 educandae
1422 716 1515 778 advi-

337 817 443 896 gilent;
464 826 561 878 tamen
582 816 611 877 id
634 817 772 894 exprimit
788 819 885 890 linem,
899 816 952 895 qui
965 816 1133 889 intenditur,
1147 831 1204 878 non
1225 830 1294 877 vero
1311 814 1455 886 radicem,
1471 829 1510 875 ex
1538 828 1540 833 ·

337 932 396 994 qua
417 915 464 977 ius
485 915 582 992 ipsum
606 914 738 992 pullulat.
761 913 915 978 Praeterea
940 909 989 976 bic
1018 914 1080 990 ipse
1101 910 1169 976 linis
1196 913 1261 977 ideo
1287 929 1304 974 a
1333 914 1513 991 parentibus

338 1012 504 1090 implendus
525 1019 570 1074 est
591 1013 620 1075 vi
641 1021 772 1093 naturae,
786 1013 856 1091 qnia
876 1012 931 1091 ipsi
953 1011 1100 1075 bominem
1118 1018 1279 1090 genuerunt
1296 1011 1418 1089 quinon
1439 1026 1513 1088 per·

178 1137 180 1147 ·
224 1127 227 1133 ’
336 1110 433 1173 iectus
455 1117 498 1173 est
518 1110 577 1172 iam
598 1110 690 1184 initio,
710 1110 761 1172 sed
782 1118 829 1172 est
849 1110 887 1172 ad
909 1108 1112 1186 perlectionem
1134 1107 1263 1170 debitam
1285 1107 1488 1171 adducendus.

377 1204 425 1270 at.
449 1203 565 1293 decipit
587 1222 765 1273 mensuram
787 1223 808 1272 a
829 1203 903 1273 dne.
924 1203 1062 1269 Mensura
1090 1205 1178 1266 bnins
1206 1205 1318 1284 patriae
1349 1206 1509 1283 potestatis

337 1303 513 1368 desumenda
535 1313 637 1368 estex
659 1307 726 1379 fine,
746 1304 808 1384 qui,
830 1313 862 1367 ut
884 1303 957 1378 dixi,
971 1305 1000 1367 in
1015 1319 1144 1382 congrua
1165 1303 1336 1366 educatione
1359 1303 1509 1378 cernitur,

337 1412 367 1466 et
387 1418 424 1466 ex
444 1403 517 1476 iure,
538 1403 616 1483 quod
639 1411 771 1478 parentes
792 1403 903 1465 babent
922 1402 1041 1482 regendi
1062 1400 1221 1474 familiam3
1242 1408 1387 1480 quatenns
1411 1401 1509 1462 socie·

339 1508 429 1564 tatem
450 1501 612 1564 constitnit.
628 1498 666 1563 Et
680 1499 817 1580 quoniam
834 1500 993 1578 perlectum
1007 1500 1054 1561 ius
1070 1499 1236 1563 coactivum
1250 1505 1305 1567 est,
1319 1505 1351 1560 et
1365 1497 1507 1575 pervicax

338 1600 465 1664 tiliorum
481 1599 614 1664 uoluntas
629 1614 721 1674 cums
732 1607 886 1678 parentum
902 1599 1020 1661 inutiles
1035 1598 1156 1661 reddere
1168 1606 1282 1676 possem
1296 1597 1365 1659 binc
1379 1595 1509 1658 lacnltas

335 1700 426 1764 etiam
441 1683 492 1762 oos'
505 1698 670 1778 castigandi
691 1714 725 1761 ao
748 1699 778 1760 vn
799 1698 837 1760 an
857 1698 1050 1760 obediendum
1065 1696 1201 1775 adigcndi
1222 1695 1430 1774 peternessa
1451 1709 1508 1756 na-

253 1785 255 1792 ’
339 1807 405 1860 tura
426 1797 604 1860 conceditur.
626 1793 690 1869 Qua
718 1797 747 1859 in
776 1812 808 1859 re
834 1795 1062 1874 aetatisaliqua
1085 1795 1160 1857 ratio
1188 1793 1323 1857 habenda
1343 1800 1398 1856 est.
1420 1790 1507 1864 Quae

335 1897 412 1960 enim
434 1895 464 1956 in
486 1894 579 1971 prima
599 1893 723 1972 pueritia
738 1894 851 1967 decent,
865 1910 933 1957 cum
949 1894 1002 1956 tilii
1015 1892 1095 1956 nullo
1110 1901 1196 1970 pacto
1210 1894 1322 1955 ratione
1337 1898 1366 1956 et
1380 1892 1509 1955 consilio

336 1992 405 2056 duci
426 2001 554 2070 quennt3
575 1992 716 2056 dedecent
736 2007 805 2055 sane
825 1992 854 2054 in
876 1991 1021 2055 adultiore
1041 1999 1147 2066 aetate,
1167 2007 1236 2054 cum
1258 1992 1316 2052 iam
1332 1991 1508 2054 maturitate

336 2090 464 2170 quadam
485 2089 587 2157 iudicii
603 2098 735 2165 utuntur,
748 2099 777 2152 et
792 2107 825 2154 se
838 2090 937 2170 aliquo
951 2090 1055 2153 saltem
1070 2099 1157 2168 pacto
1172 2103 1272 2168 regere
1287 2089 1395 2151 ualent:
1410 2094 1508 2168 atque

335 2189 378 2253 ita
399 2188 654 2251 succrescentibus
675 2189 803 2252 tiliorum
824 2190 917 2262 annis,
937 2189 1033 2268 patria
1056 2195 1185 2267 potestas
1207 2188 1308 2250 mitius
1336 2187 1507 2264 explicatur

336 2291 365 2350 et
386 2285 550 2364 angustius,
563 2324 564 2327 =
577 2286 668 2350 donee
696 2286 814 2366 tandem
835 2287 873 2349 ad
893 2303 945 2348 eas
967 2287 1122 2348 dumtaxat
1147 2286 1337 2364 restringitur
1364 2285 1508 2364 actiones,

336 2401 412 2464 qnae
432 2377 548 2448 morum
569 2384 752 2448 honestatem
773 2393 803 2448 ct
822 2386 953 2464 regimen
975 2383 1101 2446 familiae
1131 2384 1301 2461 respiciunt,
1322 2399 1393 2462 erga
1415 2399 1506 2462 quam

335 2490 440 2546 natura
463 2499 515 2546 sua
537 2489 672 2561 parentes
692 2488 866 2560 potestatem
889 2490 1029 2560 perpetuo
1043 2482 1176 2545 retinent.
1191 2479 1289 2555 Quare
1302 2481 1385 2558 leges
1402 2481 1503 2543 civiles

336 2579 481 2659 triplicem
504 2580 628 2642 classem
649 2591 761 2654 eorum,
775 2580 827 2658 qni
841 2581 896 2642 sub
910 2581 1005 2657 patria
1028 2587 1172 2657 potestate
1186 2579 1308 2656 degunt,
1323 2578 1505 2657 distinguere

337 2677 441 2752 solent;
464 2679 539 2740 idest
559 2675 743 2756 infantium,
763 2677 872 2756 quibus
896 2678 1009 2740 nullum
1038 2677 1149 2739 inrinm
1175 2676 1306 2738 civilium
1330 2674 1502 2738 exercitium

336 2776 439 2850 datum
460 2773 661 2854 impuberum,
682 2777 790 2854 quibus
813 2791 882 2853 pars
903 2784 1017 2838 tantum
1038 2773 1208 2839 eorumdem
1223 2775 1331 2835 iunium
1346 2773 1503 2846 tribuitnr;

335 2880 365 2936 et
385 2869 624 2952 tainorum,'qui
645 2889 700 2935 usn
727 2872 846 2952 quidem
875 2873 1016 2952 ampliore
1043 2881 1074 2935 at
1105 2888 1162 2936 non
1183 2870 1327 2950 completo
1349 2871 1504 2943 donantur,

336 2970 428 3033 donec
451 2971 565 3046 penitus
587 2973 817 3050 emancipentur.

376 3063 425 3129 li.
442 3063 556 3135 [lectio
578 3072 679 3134 status
694 3085 752 3135 non
768 3065 910 3136 subiacet
924 3065 1098 3136 auctoritati
1114 3072 1289 3154 parentum.
1304 3065 1384 3130 Hinc
1398 3067 1503 3131 electio

336 3171 442 3238 status,
463 3181 530 3228 cum
552 3181 599 3227 res
621 3182 676 3228 non
698 3167 737 3228 sit
758 3167 797 3228 ad
818 3167 1018 3230 educationem
1041 3174 1092 3228 aut
1112 3166 1151 3227 ad
1171 3166 1312 3228 familiam
1337 3165 1503 3245 pertinens;

335 3263 384 3325 cui
405 3270 539 3341 parentes
562 3272 711 3340 praesunt,
733 3265 784 3328 scd
806 3265 904 3341 potins
924 3280 1077 3342 personam
1098 3265 1194 3343 ipsam
1209 3263 1336 3328 tiliorum
1357 3273 1388 3330 et
1410 3265 1501 3329 vitan

302 3426 304 3431 .
336 3361 374 3422 ab
394 3359 432 3422 iis
454 3361 482 3422 in
505 3369 653 3439 posterum
681 3360 844 3424 ducendam
868 3361 1022 3439 respiciat;
1042 3368 1196 3440 parentum
1219 3360 1362 3424 voluntati
1384 3361 1506 3423 minime

337 3458 471 3522 subiecta
492 3466 547 3521 est.
569 3457 710 3522 Poterunt
732 3459 832 3536 ntique
854 3467 1000 3536 parentes,
1020 3461 1113 3522 immo
1132 3461 1220 3522 etiam
1242 3459 1359 3533 debent,
1381 3459 1505 3522 consilio

334 3565 365 3620 et
385 3557 587 3621 cohortatione
607 3556 684 3618 filios
707 3555 736 3618 in
758 3572 791 3617 ea
813 3556 949 3634 dirigere,
970 3558 1117 3636 aquibus
1140 3573 1242 3620 eornm
1268 3559 1411 3620 sententia
1440 3558 1504 3619 sine

335 3655 418 3734 gravi
441 3670 531 3716 cansa
562 3651 739 3731 repudianda
769 3668 824 3716 non
852 3661 912 3729 est;
932 3663 964 3716 at
992 3655 1114 3718 delinire
1135 3662 1165 3717 et
1185 3670 1289 3734 cogere
1317 3670 1504 3734 nequaqnam

335 3758 469 3830 possunt,
484 3751 555 3830 quin
569 3751 616 3813 ins
638 3751 695 3814 sibi
716 3759 935 3831 arrogantum
953 3768 1055 3832 reapse
1072 3752 1284 3835 destituuntur,
1297 3761 1326 3816 et
1341 3753 1504 3816 indebitam

333 3850 503 3914 violentiam
525 3849 667 3914 voluntati
691 3849 818 3912 tiliorum
839 3851 963 3914 inierant
978 3848 1029 3930 (2).

381 4043 414 4104 (ll
433 4045 515 4109 Opere
532 4059 608 4109 saepe
626 4045 710 4104 eitetc.
728 4059 787 4109 pag.
805 4045 859 4094 275.

384 4123 419 4182 (2)
435 4123 573 4188 Perperam
590 4124 710 4184 nonnulli,
728 4139 790 4189 quos
808 4126 875 4175 inter
889 4125 1076 4175 Pnffendorfius
1093 4132 1119 4175 et
1135 4126 1295 4186 Theotimus,
1309 4127 1420 4190 patriam
1436 4134 1509 4190 pote·

334 4207 427 4250 statem
443 4219 490 4266 pro
506 4205 604 4254 ratione
622 4205 705 4257 delicti
718 4220 800 4269 usqne
816 4206 849 4254 ud
863 4221 992 4254 summum
1001 4206 1041 4255 ins
1053 4207 1119 4256 ritae
1131 4213 1157 4255 et
1168 4208 1237 4255 necis
1249 4208 1349 4258 extendi
1360 4207 1507 4256 voluerunt.

266 4350 272 4360 x
334 4280 364 4330 Id
380 4282 445 4331 enim
463 4298 494 4332 ex
510 4284 559 4332 fine
576 4285 732 4335 educationis
748 4287 850 4334 minime
866 4287 989 4350 sequitur,
1004 4301 1062 4335 cum
1078 4287 1152 4344 filine,
1169 4287 1261 4350 corrigi
1279 4288 1382 4336 omnino
1393 4287 1509 4347 nescius,

331 4377 351 4411 -e
367 4363 442 4412 domo
459 4361 514 4412 eiici
531 4363 618 4427 possit.
635 4364 771 4414 Praeterea
788 4371 940 4429 poenatem
957 4371 1030 4414 atrox
1046 4366 1119 4416 valde
1134 4367 1286 4418 adversatur
1304 4367 1393 4425 amori,
1409 4367 1454 4432 qui
1473 4367 1508 4417 ad
