<?xml version="1.0" encoding="UTF-8"?>
<!DOCTYPE html PUBLIC "-//W3C//DTD XHTML 1.0 Transitional//EN"
    "http://www.w3.org/TR/xhtml1/DTD/xhtml1-transitional.dtd">
<html xmlns="http://www.w3.org/1999/xhtml" xml:lang="en" lang="en">
 <head>
  <title>
</title>
<meta http-equiv="Content-Type" content="text/html;charset=utf-8" />
  <meta name='ocr-system' content='tesseract 3.04.00' />
  <meta name='ocr-capabilities' content='ocr_page ocr_carea ocr_par ocr_line ocrx_word'/>
</head>
<body>
  <div class='ocr_page' id='page_1' title='image "./institutioneset00libegoog_0117.png"; bbox 0 0 3159 4934; ppageno 0'>
   <div class='ocr_carea' id='block_1_1' title="bbox 309 300 1269 357">
    <p class='ocr_par' dir='ltr' id='par_1_1' title="bbox 309 300 1269 357">
     <span class='ocr_line' id='line_1_1' title="bbox 309 300 1269 357; baseline 0.003 -3"><span class='ocrx_word' id='word_1_1' title='bbox 309 300 361 355; x_wconf 77' lang='lat' dir='ltr'>tib</span> <span class='ocrx_word' id='word_1_2' title='bbox 504 315 597 357; x_wconf 77' lang='lat' dir='ltr'>murm</span> <span class='ocrx_word' id='word_1_3' title='bbox 617 334 626 343; x_wconf 96' lang='lat'><em>-</em></span> <span class='ocrx_word' id='word_1_4' title='bbox 644 314 729 357; x_wconf 81' lang='lat' dir='ltr'>carun</span> <span class='ocrx_word' id='word_1_5' title='bbox 746 315 780 357; x_wconf 86' lang='lat' dir='ltr'>uu.</span> <span class='ocrx_word' id='word_1_6' title='bbox 794 315 828 357; x_wconf 86' lang='lat' dir='ltr'>nu</span> <span class='ocrx_word' id='word_1_7' title='bbox 845 314 934 356; x_wconf 76' lang='lat' dir='ltr'>nouus</span> <span class='ocrx_word' id='word_1_8' title='bbox 954 310 1124 356; x_wconf 79' lang='lat' dir='ltr'>onuunuorus</span> <span class='ocrx_word' id='word_1_9' title='bbox 1140 315 1269 357; x_wconf 75' lang='lat' dir='ltr'>nummu</span> 
     </span>
    </p>
   </div>
   <div class='ocr_carea' id='block_1_2' title="bbox 308 428 1472 1195">
    <p class='ocr_par' dir='ltr' id='par_1_2' title="bbox 308 428 1472 1195">
     <span class='ocr_line' id='line_1_2' title="bbox 309 428 1468 509; baseline -0.002 -18"><span class='ocrx_word' id='word_1_10' title='bbox 309 431 404 509; x_wconf 90' lang='lat' dir='ltr'>petuis</span> <span class='ocrx_word' id='word_1_11' title='bbox 423 429 576 509; x_wconf 81' lang='lat' dir='ltr'>angustiis,</span> <span class='ocrx_word' id='word_1_12' title='bbox 591 429 710 507; x_wconf 88' lang='lat' dir='ltr'>quaein</span> <span class='ocrx_word' id='word_1_13' title='bbox 725 428 855 491; x_wconf 89' lang='lat' dir='ltr'>animum</span> <span class='ocrx_word' id='word_1_14' title='bbox 870 429 1045 506; x_wconf 89' lang='lat' dir='ltr'>irreperent;</span> <span class='ocrx_word' id='word_1_15' title='bbox 1068 430 1094 491; x_wconf 93' lang='lat' dir='ltr'>si</span> <span class='ocrx_word' id='word_1_16' title='bbox 1114 445 1172 492; x_wconf 93' lang='lat' dir='ltr'>non</span> <span class='ocrx_word' id='word_1_17' title='bbox 1186 429 1274 491; x_wconf 87' lang='lat' dir='ltr'>modo</span> <span class='ocrx_word' id='word_1_18' title='bbox 1286 443 1324 491; x_wconf 81' lang='lat' dir='ltr'>er</span> <span class='ocrx_word' id='word_1_19' title='bbox 1338 428 1468 501; x_wconf 86' lang='lat' dir='ltr'>oonsilio,</span> 
     </span>
     <span class='ocr_line' id='line_1_3' title="bbox 309 524 1469 604; baseline -0.003 -14"><span class='ocrx_word' id='word_1_20' title='bbox 309 527 469 590; x_wconf 85' lang='lat' dir='ltr'>sedetiam</span> <span class='ocrx_word' id='word_1_21' title='bbox 490 541 526 588; x_wconf 89' lang='lat' dir='ltr'>ex</span> <span class='ocrx_word' id='word_1_22' title='bbox 547 524 723 603; x_wconf 82' lang='lat' dir='ltr'>obligatione</span> <span class='ocrx_word' id='word_1_23' title='bbox 745 526 971 603; x_wconf 77' lang='lat' dir='ltr'>probabiliorem</span> <span class='ocrx_word' id='word_1_24' title='bbox 996 528 1170 590; x_wconf 88' lang='lat' dir='ltr'>sententiam</span> <span class='ocrx_word' id='word_1_25' title='bbox 1190 526 1274 604; x_wconf 84' lang='lat' dir='ltr'>sequi</span> <span class='ocrx_word' id='word_1_26' title='bbox 1296 534 1469 588; x_wconf 90' lang='lat' dir='ltr'>teneremur.</span> 
     </span>
     <span class='ocr_line' id='line_1_4' title="bbox 310 622 1470 702; baseline -0.003 -15"><span class='ocrx_word' id='word_1_27' title='bbox 310 623 402 701; x_wconf 89' lang='lat' dir='ltr'>Saepe</span> <span class='ocrx_word' id='word_1_28' title='bbox 416 626 492 685; x_wconf 85' lang='lat' dir='ltr'>enim</span> <span class='ocrx_word' id='word_1_29' title='bbox 513 622 721 686; x_wconf 85' lang='lat' dir='ltr'>difficillimum</span> <span class='ocrx_word' id='word_1_30' title='bbox 741 630 789 685; x_wconf 90' lang='lat' dir='ltr'>est</span> <span class='ocrx_word' id='word_1_31' title='bbox 809 624 930 686; x_wconf 87' lang='lat' dir='ltr'>delinire</span> <span class='ocrx_word' id='word_1_32' title='bbox 949 623 1022 702; x_wconf 86' lang='lat' dir='ltr'>quid</span> <span class='ocrx_word' id='word_1_33' title='bbox 1042 626 1138 702; x_wconf 79' lang='lat' dir='ltr'>magis</span> <span class='ocrx_word' id='word_1_34' title='bbox 1159 622 1310 701; x_wconf 78' lang='lat' dir='ltr'>probabile</span> <span class='ocrx_word' id='word_1_35' title='bbox 1330 625 1379 697; x_wconf 91' lang='lat' dir='ltr'>sit,</span> <span class='ocrx_word' id='word_1_36' title='bbox 1400 632 1430 686; x_wconf 88' lang='lat' dir='ltr'>et</span> <span class='ocrx_word' id='word_1_37' title='bbox 1443 624 1470 684; x_wconf 88' lang='lat' dir='ltr'>in</span> 
     </span>
     <span class='ocr_line' id='line_1_5' title="bbox 309 721 1471 800; baseline -0.001 -17"><span class='ocrx_word' id='word_1_38' title='bbox 309 721 449 799; x_wconf 81' lang='lat' dir='ltr'>gradibus</span> <span class='ocrx_word' id='word_1_39' title='bbox 465 721 681 797; x_wconf 82' lang='lat' dir='ltr'>probabilitatis</span> <span class='ocrx_word' id='word_1_40' title='bbox 700 721 864 783; x_wconf 82' lang='lat' dir='ltr'>statuendis</span> <span class='ocrx_word' id='word_1_41' title='bbox 879 721 939 784; x_wconf 87' lang='lat' dir='ltr'>lere</span> <span class='ocrx_word' id='word_1_42' title='bbox 959 729 1032 799; x_wconf 87' lang='lat' dir='ltr'>quot</span> <span class='ocrx_word' id='word_1_43' title='bbox 1043 729 1113 784; x_wconf 92' lang='lat' dir='ltr'>sunt</span> <span class='ocrx_word' id='word_1_44' title='bbox 1133 722 1241 800; x_wconf 85' lang='lat' dir='ltr'>capita,</span> <span class='ocrx_word' id='word_1_45' title='bbox 1262 729 1306 785; x_wconf 91' lang='lat' dir='ltr'>tot</span> <span class='ocrx_word' id='word_1_46' title='bbox 1326 730 1396 783; x_wconf 88' lang='lat' dir='ltr'>sunt</span> <span class='ocrx_word' id='word_1_47' title='bbox 1410 737 1471 783; x_wconf 89' lang='lat' dir='ltr'>sen-</span> 
     </span>
     <span class='ocr_line' id='line_1_6' title="bbox 309 817 1471 903; baseline 0 -23"><span class='ocrx_word' id='word_1_48' title='bbox 309 819 424 881; x_wconf 89' lang='lat' dir='ltr'>tentiae.</span> <span class='ocrx_word' id='word_1_49' title='bbox 446 817 502 881; x_wconf 90' lang='lat' dir='ltr'>His</span> <span class='ocrx_word' id='word_1_50' title='bbox 522 820 612 881; x_wconf 87' lang='lat' dir='ltr'>etiam</span> <span class='ocrx_word' id='word_1_51' title='bbox 632 818 747 881; x_wconf 86' lang='lat' dir='ltr'>aecedit</span> <span class='ocrx_word' id='word_1_52' title='bbox 766 820 935 897; x_wconf 80' lang='lat' dir='ltr'>contingere</span> <span class='ocrx_word' id='word_1_53' title='bbox 947 834 1165 897; x_wconf 83' lang='lat' dir='ltr'>saepenumero,</span> <span class='ocrx_word' id='word_1_54' title='bbox 1186 829 1220 881; x_wconf 86' lang='lat' dir='ltr'>nt</span> <span class='ocrx_word' id='word_1_55' title='bbox 1240 819 1319 898; x_wconf 85' lang='lat' dir='ltr'>quod</span> <span class='ocrx_word' id='word_1_56' title='bbox 1341 820 1390 903; x_wconf 89' lang='lat' dir='ltr'>uni</span> <span class='ocrx_word' id='word_1_57' title='bbox 1407 833 1471 895; x_wconf 94' lang='lat' dir='ltr'>pro·</span> 
     </span>
     <span class='ocr_line' id='line_1_7' title="bbox 310 914 1468 994; baseline -0.001 -16"><span class='ocrx_word' id='word_1_58' title='bbox 310 916 437 979; x_wconf 88' lang='lat' dir='ltr'>babilius</span> <span class='ocrx_word' id='word_1_59' title='bbox 461 916 644 994; x_wconf 75' lang='lat' dir='ltr'>apparatio</span> <span class='ocrx_word' id='word_1_60' title='bbox 669 918 765 979; x_wconf 90' lang='lat' dir='ltr'>minus</span> <span class='ocrx_word' id='word_1_61' title='bbox 787 917 938 994; x_wconf 91' lang='lat' dir='ltr'>probabile</span> <span class='ocrx_word' id='word_1_62' title='bbox 959 918 998 980; x_wconf 90' lang='lat' dir='ltr'>ab</span> <span class='ocrx_word' id='word_1_63' title='bbox 1021 915 1114 980; x_wconf 91' lang='lat' dir='ltr'>altero</span> <span class='ocrx_word' id='word_1_64' title='bbox 1136 918 1294 980; x_wconf 79' lang='lat' dir='ltr'>iudicetur.</span> <span class='ocrx_word' id='word_1_65' title='bbox 1316 914 1424 994; x_wconf 82' lang='lat' dir='ltr'>Quare,</span> <span class='ocrx_word' id='word_1_66' title='bbox 1446 918 1468 977; x_wconf 93' lang='lat' dir='ltr'>si</span> 
     </span>
     <span class='ocr_line' id='line_1_8' title="bbox 309 1015 1472 1096; baseline -0.004 -16"><span class='ocrx_word' id='word_1_67' title='bbox 309 1019 339 1082; x_wconf 92' lang='lat' dir='ltr'>in</span> <span class='ocrx_word' id='word_1_68' title='bbox 358 1018 422 1096; x_wconf 83' lang='lat' dir='ltr'>lege</span> <span class='ocrx_word' id='word_1_69' title='bbox 446 1032 502 1079; x_wconf 89' lang='lat' dir='ltr'>non</span> <span class='ocrx_word' id='word_1_70' title='bbox 526 1023 616 1087; x_wconf 83' lang='lat' dir='ltr'>certa,</span> <span class='ocrx_word' id='word_1_71' title='bbox 637 1024 705 1077; x_wconf 87' lang='lat' dir='ltr'>ante</span> <span class='ocrx_word' id='word_1_72' title='bbox 729 1015 937 1091; x_wconf 80' lang='lat' dir='ltr'>operationem,</span> <span class='ocrx_word' id='word_1_73' title='bbox 961 1016 1157 1078; x_wconf 87' lang='lat' dir='ltr'>deliniendum</span> <span class='ocrx_word' id='word_1_74' title='bbox 1181 1026 1258 1078; x_wconf 90' lang='lat' dir='ltr'>esset</span> <span class='ocrx_word' id='word_1_75' title='bbox 1282 1016 1355 1093; x_wconf 88' lang='lat' dir='ltr'>quid</span> <span class='ocrx_word' id='word_1_76' title='bbox 1379 1016 1472 1093; x_wconf 78' lang='lat' dir='ltr'>magis</span> 
     </span>
     <span class='ocr_line' id='line_1_9' title="bbox 308 1112 1472 1195; baseline -0.008 -14"><span class='ocrx_word' id='word_1_77' title='bbox 308 1115 460 1195; x_wconf 91' lang='lat' dir='ltr'>probabile</span> <span class='ocrx_word' id='word_1_78' title='bbox 488 1114 539 1188; x_wconf 94' lang='lat' dir='ltr'>sit;</span> <span class='ocrx_word' id='word_1_79' title='bbox 566 1128 686 1176; x_wconf 87' lang='lat' dir='ltr'>onerosa</span> <span class='ocrx_word' id='word_1_80' title='bbox 714 1114 803 1175; x_wconf 90' lang='lat' dir='ltr'>nimis</span> <span class='ocrx_word' id='word_1_81' title='bbox 831 1120 861 1175; x_wconf 90' lang='lat' dir='ltr'>et</span> <span class='ocrx_word' id='word_1_82' title='bbox 886 1129 995 1190; x_wconf 85' lang='lat' dir='ltr'>anoeps</span> <span class='ocrx_word' id='word_1_83' title='bbox 1011 1121 1040 1176; x_wconf 90' lang='lat' dir='ltr'>et</span> <span class='ocrx_word' id='word_1_84' title='bbox 1065 1115 1223 1177; x_wconf 83' lang='lat' dir='ltr'>anxietatis</span> <span class='ocrx_word' id='word_1_85' title='bbox 1251 1112 1336 1191; x_wconf 85' lang='lat' dir='ltr'>plena</span> <span class='ocrx_word' id='word_1_86' title='bbox 1362 1112 1472 1175; x_wconf 90' lang='lat' dir='ltr'>homini</span> 
     </span>
    </p>
   </div>
   <div class='ocr_carea' id='block_1_3' title="bbox 309 1211 1563 1293">
    <p class='ocr_par' dir='ltr' id='par_1_3' title="bbox 309 1211 1563 1293">
     <span class='ocr_line' id='line_1_10' title="bbox 309 1211 1563 1293; baseline -0.006 -16"><span class='ocrx_word' id='word_1_87' title='bbox 309 1214 408 1293; x_wconf 81' lang='lat' dir='ltr'>regula</span> <span class='ocrx_word' id='word_1_88' title='bbox 423 1214 631 1289; x_wconf 87' lang='lat' dir='ltr'>imponeretur,</span> <span class='ocrx_word' id='word_1_89' title='bbox 645 1226 719 1289; x_wconf 84' lang='lat' dir='ltr'>quae</span> <span class='ocrx_word' id='word_1_90' title='bbox 740 1212 770 1273; x_wconf 91' lang='lat' dir='ltr'>in</span> <span class='ocrx_word' id='word_1_91' title='bbox 791 1211 904 1289; x_wconf 79' lang='lat' dir='ltr'>agendo</span> <span class='ocrx_word' id='word_1_92' title='bbox 918 1212 968 1274; x_wconf 80' lang='lat' dir='ltr'>vin</span> <span class='ocrx_word' id='word_1_93' title='bbox 989 1220 1042 1274; x_wconf 90' lang='lat' dir='ltr'>aut</span> <span class='ocrx_word' id='word_1_94' title='bbox 1055 1229 1091 1275; x_wconf 91' lang='lat' dir='ltr'>ne</span> <span class='ocrx_word' id='word_1_95' title='bbox 1105 1213 1155 1273; x_wconf 86' lang='lat' dir='ltr'>vix</span> <span class='ocrx_word' id='word_1_96' title='bbox 1169 1212 1289 1291; x_wconf 87' lang='lat' dir='ltr'>quidem</span> <span class='ocrx_word' id='word_1_97' title='bbox 1305 1211 1372 1273; x_wconf 91' lang='lat' dir='ltr'>usui</span> <span class='ocrx_word' id='word_1_98' title='bbox 1387 1220 1472 1273; x_wconf 86' lang='lat' dir='ltr'>esset.</span> <span class='ocrx_word' id='word_1_99' title='bbox 1562 1222 1563 1226; x_wconf 71' lang='grc'>’</span> 
     </span>
    </p>
   </div>
   <div class='ocr_carea' id='block_1_4' title="bbox 310 1309 1470 1388">
    <p class='ocr_par' dir='ltr' id='par_1_4' title="bbox 310 1309 1470 1388">
     <span class='ocr_line' id='line_1_11' title="bbox 310 1309 1470 1388; baseline -0.003 -14"><span class='ocrx_word' id='word_1_100' title='bbox 310 1311 396 1385; x_wconf 85' lang='lat' dir='ltr'>Quod</span> <span class='ocrx_word' id='word_1_101' title='bbox 410 1317 506 1373; x_wconf 81' lang='lat' dir='ltr'>autern</span> <span class='ocrx_word' id='word_1_102' title='bbox 524 1309 580 1373; x_wconf 88' lang='lat' dir='ltr'>tale</span> <span class='ocrx_word' id='word_1_103' title='bbox 594 1316 647 1387; x_wconf 85' lang='lat' dir='ltr'>est,</span> <span class='ocrx_word' id='word_1_104' title='bbox 662 1326 679 1371; x_wconf 89' lang='lat' dir='ltr'>a</span> <span class='ocrx_word' id='word_1_105' title='bbox 693 1310 909 1388; x_wconf 89' lang='lat' dir='ltr'>sapientissimo</span> <span class='ocrx_word' id='word_1_106' title='bbox 930 1310 1098 1388; x_wconf 80' lang='lat' dir='ltr'>legislatore</span> <span class='ocrx_word' id='word_1_107' title='bbox 1120 1310 1267 1387; x_wconf 86' lang='lat' dir='ltr'>prolieisei</span> <span class='ocrx_word' id='word_1_108' title='bbox 1290 1325 1347 1373; x_wconf 93' lang='lat' dir='ltr'>non</span> <span class='ocrx_word' id='word_1_109' title='bbox 1370 1318 1470 1387; x_wconf 82' lang='lat' dir='ltr'>potest.</span> 
     </span>
    </p>
   </div>
   <div class='ocr_carea' id='block_1_5' title="bbox 775 1550 827 1592">
    <p class='ocr_par' dir='ltr' id='par_1_5' title="bbox 775 1550 827 1592">
     <span class='ocr_line' id='line_1_12' title="bbox 775 1550 827 1592; baseline 0 -11"><span class='ocrx_word' id='word_1_110' title='bbox 775 1550 827 1592; x_wconf 60' lang='lat' dir='ltr'>,k</span> 
     </span>
    </p>
   </div>
   <div class='ocr_carea' id='block_1_6' title="bbox 714 1596 827 1677">
    <p class='ocr_par' dir='ltr' id='par_1_6' title="bbox 714 1596 827 1677">
     <span class='ocr_line' id='line_1_13' title="bbox 714 1596 827 1677; baseline -0.044 -31"><span class='ocrx_word' id='word_1_111' title='bbox 714 1596 827 1677; x_wconf 41' lang='lat' dir='ltr'>pb„</span> 
     </span>
    </p>
   </div>
   <div class='ocr_carea' id='block_1_7' title="bbox 511 1754 737 1945">
    <p class='ocr_par' dir='ltr' id='par_1_7' title="bbox 511 1754 737 1945">
     <span class='ocr_line' id='line_1_14' title="bbox 511 1754 737 1945; baseline -0.044 -58"><span class='ocrx_word' id='word_1_112' title='bbox 511 1754 616 1945; x_wconf 48' lang='lat' dir='ltr'><em>ff</em></span> <span class='ocrx_word' id='word_1_113' title='bbox 673 1784 737 1899; x_wconf 66' lang='lat'>211«</span> 
     </span>
    </p>
   </div>
   <div class='ocr_carea' id='block_1_8' title="bbox 783 2504 1012 2549">
    <p class='ocr_par' dir='ltr' id='par_1_8' title="bbox 783 2504 1012 2549">
     <span class='ocr_line' id='line_1_15' title="bbox 783 2504 1012 2549; baseline -0.009 0"><span class='ocrx_word' id='word_1_114' title='bbox 783 2505 857 2549; x_wconf 75' lang='lat' dir='ltr'>ullus</span> <span class='ocrx_word' id='word_1_115' title='bbox 879 2504 1012 2549; x_wconf 76' lang='grc' dir='ltr'><strong>ΕΤΗῙΟΑΕ.</strong></span> 
     </span>
    </p>
   </div>
   <div class='ocr_carea' id='block_1_9' title="bbox 0 0 1589 4934">
    <p class='ocr_par' dir='ltr' id='par_1_9' title="bbox 0 0 1589 4934">
     <span class='ocr_line' id='line_1_16' title="bbox 0 0 1589 4934; baseline 0 0"><span class='ocrx_word' id='word_1_116' title='bbox 0 0 1589 4934; x_wconf 95' lang='lat' dir='ltr'> </span> 
     </span>
    </p>
   </div>
  </div>
 </body>
</html>
