3159 4934
376 350 461 394 eurur
479 351 495 390 ι.
514 351 549 394 ne
566 351 706 395 socrnrnrn
723 351 868 395 uouesrrea
1152 340 1202 398 aot

33 464 162 526 interius
190 463 293 526 addit:
315 470 451 526 naturam
480 465 659 529 matrimonii
687 473 863 545 potestatem
892 466 1056 529 maritalem
1084 467 1206 531 minime

32 563 109 640 pati,
131 561 184 626 sed
205 560 346 625 familiam
362 562 477 627 duobus
497 564 646 642 capitibus
661 565 835 627 instructam
851 579 925 640 esse,
939 564 1032 627 altero
1045 564 1125 642 quod
1139 580 1205 628 eam

28 661 104 724 ioris
126 666 333 742 repraesentet,
353 660 447 725 altero
467 662 547 740 quod
567 663 631 725 eius
651 664 819 726 interiorem
840 662 932 725 vitam
953 662 1074 741 dirigat.

74 759 119 821 At
139 767 175 822 ut
195 758 328 822 omittam
349 760 534 824 incommoda
554 769 583 824 et
605 761 850 839 perturbationes,
870 776 947 840 quae
968 777 1004 824 ex
1023 760 1081 823 bac
1095 775 1205 839 aequa-

29 856 120 920 litate
141 865 171 919 et
191 856 364 934 duplicitate
378 866 565 922 monstruosa
580 861 712 937 capitum
733 858 763 920 in
777 857 888 921 familia
903 866 1110 936 sequerentur3
1125 866 1205 921 certe
1258 906 1261 911 .

29 963 100 1016 tum
122 951 320 1051 Pbpsiologia,
341 959 405 1019 turn
426 953 632 1036 Psycbologia,
655 963 718 1019 tum
742 957 833 1019 etiam
863 955 1027 1036 communis
1050 955 1203 1019 hominum

30 1068 140 1115 sensus
155 1053 204 1114 et
193 1053 279 1130 ipsae
293 1069 395 1116 sacrae
409 1053 524 1116 litterae
538 1054 576 1117 ad
587 1055 755 1133 oppositum
770 1055 963 1118 iudicandum
975 1069 1028 1117 nos
1042 1054 1202 1117 adducunt.

28 1148 191 1214 Enimvero
206 1151 306 1230 negari
327 1153 428 1230 nequit
450 1158 632 1215 structuram
654 1152 786 1215 mulieris
808 1151 1029 1234 imbecilliorem
1050 1167 1116 1214 esse
1131 1152 1204 1225 viro,

26 1265 82 1325 qur
76 1247 432 1335 fortitudinewpporis,
448 1250 601 1335 ιωιῑι
602 1250 720 1335 uirium,
736 1233 1097 1335 firmitatemrorum
1118 1248 1204 1327 louge

66 1351 132 1407 aest
121 1332 286 1409 taiWires
308 1354 406 1408 autem
429 1348 529 1420 animi,
551 1354 583 1410 ut
603 1324 762 1437 pruLentia
772 1348 898 1421 consilii,
913 1357 943 1411 et
963 1347 1121 1411 voluntatis
1135 1362 1208 1435 oon

30 1444 157 1518 stantia,
179 1442 272 1506 multo
275 1433 512 1508 excellentius
504 1462 534 1507 ιι
555 1444 632 1508 virili
654 1461 724 1508 sexu
745 1445 942 1523 explicans
918 1462 933 1506 r
958 1445 1027 1508 licet
1038 1434 1163 1523 duoad
1159 1460 1204 1507 es

29 1541 159 1602 sentiam
173 1556 266 1619 aeque
279 1541 309 1602 in
323 1541 460 1604 muliebri
476 1543 573 1605 insint.
589 1540 676 1616 Hinc,
691 1550 796 1605 natura
818 1543 883 1620 ipsa
904 1542 979 1606 duee
999 1558 1034 1604 ac
1048 1543 1203 1620 magistra,
1279 1625 1281 1628 ι

27 1638 112 1716 apud
133 1654 234 1702 omnes
255 1646 355 1718 gentes
377 1640 423 1703 vir
443 1641 473 1703 in
493 1640 605 1704 familia
628 1649 743 1719 praeest
769 1641 896 1714 mulieri,
915 1656 969 1703 nec
998 1647 1099 1702 contra
1121 1638 1201 1702 hunc

27 1751 144 1800 morem
165 1737 275 1817 aliquid
301 1753 429 1816 unquam
458 1745 629 1802 novatorum
658 1755 745 1803 voces
774 1738 872 1803 valere
903 1745 1070 1817 potuerunt.
1093 1734 1201 1800 Sacrae

27 1845 132 1898 autem
153 1835 269 1898 litterae
290 1837 321 1900 id
337 1844 478 1915 perpetuo
493 1839 677 1902 confirmant.
693 1839 745 1902 Ait
759 1838 836 1900 enim
852 1836 1030 1915 Apostolus:
1046 1833 1202 1898 Maiores

27 1933 109 1996 ciris
130 1933 198 2013 suis
217 1932 359 1998 subditae
381 1934 476 1998 sini...
502 1934 655 2015 Quoniam
683 1936 733 1999 vir
760 1939 857 2014 capot
875 1938 923 1997 est
946 1933 1098 2008 mulieris,
1118 1933 1202 1997 sicui

32 2031 186 2096 Christus
207 2037 301 2112 capot
320 2024 367 2096 esi
386 2031 546 2097 Ecclesiae
562 2033 613 2114 (l).
634 2031 674 2097 Et
695 2032 724 2098 S.
740 2032 862 2097 Petrus:
883 2031 1038 2096 Mulieres
1058 2029 1203 2095 subditae

27 2130 98 2194 sint
119 2131 198 2193 ciris
218 2132 287 2196 sois
301 2129 352 2211 (d).
375 2131 545 2197 Cauendum
567 2142 663 2197 tamen
685 2142 731 2197 est
758 2149 793 2196 ne
813 2134 970 2210 imperium
998 2132 1179 2195 eiusmodi
1171 2147 1200 2193 m
1303 2199 1305 2205 ,

28 2228 402 2343 despooffldegeneret,
416 2247 482 2294 cum
505 2247 605 2295 revera
627 2248 682 2296 non
697 2232 806 2295 sitnisi
829 2231 944 2310 regium
965 2240 995 2294 et
1015 2230 1101 2310 qrrasi
1123 2229 1202 2291 dire·

27 2327 153 2403 ctivum,
169 2343 272 2407 nempe
294 2329 361 2403 tale,
375 2338 408 2392 ut
430 2331 528 2409 potius
549 2331 700 2395 honestate
720 2338 751 2392 et
771 2330 884 2392 ratione
904 2327 1045 2406 impellat,
1066 2342 1155 2406 quam
1172 2325 1200 2388 vi

29 2428 68 2489 ad
92 2426 285 2490 obediendum
308 2427 416 2508 adigat
438 2426 541 2502 lmmo,
555 2437 697 2507 quantum
716 2428 823 2491 decens
842 2428 906 2501 erit,
922 2441 1028 2490 curare
1041 2425 1127 2488 debet
1145 2424 1199 2496 vir,

31 2533 76 2598 ut,
96 2541 174 2603 quae
193 2525 231 2587 ad
251 2526 378 2589 familiae
399 2526 681 2590 administrationem
703 2527 858 2604 pertinent,
880 2527 977 2603 potius
998 2540 1034 2587 ex
1049 2523 1199 2586 communi

29 2638 173 2687 consensu
195 2633 382 2702 peragantur
395 2640 485 2703 quarn
499 2624 601 2688 odioso
617 2624 744 2701 quodam
767 2623 927 2686 dominatu.
942 2621 1007 2685 Etsi
1020 2623 1098 2685 enim
1113 2621 1198 2684 uxori

30 2728 166 2800 praeest;
187 2730 305 2801 praeest
326 2729 422 2787 minen
443 2732 477 2785 ut
496 2722 602 2811 sociae,
623 2737 680 2785 oon
702 2729 734 2784 ut
754 2721 889 2813 famulae
911 2718 984 2785 Nec
993 2725 1147 2799 propterea
1167 2717 1198 2780 in
1246 2724 1248 2727 ’

26 2830 195 2883 extremum
216 2823 383 2899 oppositum
408 2821 567 2885 labendum
594 2828 655 2896 est3
677 2822 755 2900 quod
784 2803 855 2884 sane
883 2819 1074 2896 contingeret,
1095 2818 1122 2879 si
1152 2816 1199 2878 ι1ι

27 2919 226 2982 domesticum
246 2922 376 2998 regimen
392 2920 475 2982 uxori
496 2935 619 2998 prorsus
640 2920 847 2992 committeret,
860 2925 913 2980 aut
926 2916 1083 2979 remissius
1097 2921 1198 2994 ageret

26 3017 109 3079 iniis
129 3016 292 3095 exigendis,
306 3033 381 3095 quae
401 3017 440 3079 ad
461 3016 590 3081 tiliorum
608 3018 714 3081 bonum
732 3024 785 3079 aut
804 3016 842 3078 ad
861 3013 989 3078 familiae
1010 3012 1199 3076 commodum

24 3123 56 3178 et
78 3113 321 3193 tranquillitatem
341 3114 516 3178 conducunt.

66 3211 154 3287 Quod
175 3228 245 3276 vero
265 3214 302 3276 ad
324 3214 508 3293 negotiorum
531 3215 716 3292 partitionem
738 3215 853 3288 attinet,
875 3214 1064 3293 perspicuum
1094 3227 1145 3290 per
1165 3227 1225 3274 sek

25 3320 81 3388 est,
95 3313 136 3376 ad
158 3313 253 3376 virum
275 3322 427 3393 amquam
448 3315 486 3378 ad
507 3314 635 3379 familiae
652 3322 742 3392 caput
762 3314 908 3393 pertinere
929 3323 962 3376 ut
982 3313 1102 3377 domum
1116 3309 1196 3388 apud

24 3410 103 3473 alios
124 3418 334 3491 repraesentet,
359 3413 480 3491 eiusque
505 3421 641 3476 externas
666 3414 814 3504 gubernet
821 3412 1001 3498 relationes
1021 3408 1103 3483 Quae
1127 3423 1197 3472 vero

24 3509 174 3571 internam
187 3509 315 3572 familiae
329 3525 431 3572 curam
446 3502 619 3589 respiciunt,
632 3527 667 3574 ea
680 3512 819 3591 quamvis
833 3511 889 3572 viri
903 3510 1083 3583 auctoritati
1097 3506 1195 3587 quoad

24 3621 199 3683 supremam
221 3586 424 3682 directionem,
438 3608 645 3688 subiiciuntur
664 3617 759 3671 tamen
782 3608 888 3671 melius
902 3624 919 3670 a
934 3608 1057 3670 muliere
1071 3604 1198 3669 admini-

23 3710 174 3778 strantur;
190 3705 335 3784 siquidem
350 3705 455 3768 mulier
469 3707 565 3784 aptior
579 3714 625 3768 est
644 3706 682 3768 ad
697 3705 841 3768 eiusmodi
862 3704 1050 3767 minutionem
1064 3704 1194 3767 ordinem

22 3799 259 3888 concipiendum,
280 3802 369 3865 etad
390 3803 512 3866 interius
532 3819 564 3865 se
585 3803 779 3884 colligendam
803 3803 980 3880 propensior.
999 3799 1049 3865 Sic
1069 3802 1194 3864 mirifice

24 3916 85 3962 una
108 3914 178 3976 pars
200 3900 357 3978 supplebit,
378 3902 458 3980 quod
479 3901 562 3965 alteri
585 3902 678 3975 deest,
697 3909 727 3965 et
748 3901 828 3964 sibi
820 3901 945 3963 ruricem
966 3900 1076 3964 auxilio
1096 3907 1191 3962 erunt.

63 3996 199 4078 Denique
227 4008 326 4077 partes
354 3999 410 4065 riri
438 4010 517 4080 sunt,
539 4014 663 4064 uxorem
691 4015 800 4079 regere,
824 3999 945 4078 nntrire
966 3998 1160 4096 defendere,
1151 4015 1197 4061 ru·

23 4105 151 4171 struere,
164 4106 254 4177 atque
274 4113 309 4161 eo
330 4098 424 4178 magis
444 4099 554 4163 bonore
576 4098 723 4177 prosequi,
738 4113 796 4176 quo
816 4096 869 4158 illa
892 4097 918 4158 ι1
941 4111 1030 4158 sexus
1019 4071 1195 4221 infirmior
1228 3999 1257 4150 l,

1017 4209 1042 4235 «γ

71 4249 107 4312 (l)
124 4249 167 4297 Ad
183 4248 319 4312 Ephesios,
336 4264 356 4299 c.
373 4248 413 4305 111,
431 4262 451 4297 r.
468 4245 506 4296 22.
609 4270 623 4278 ,
639 4238 713 4306 ,sss
798 4247 827 4314 2¹

73 4327 108 4391 (2)
126 4327 205 4393 Epist.
223 4330 240 4387 Ι,
256 4343 276 4378 c.
294 4329 333 4387 111,
350 4344 373 4379 r.
391 4329 410 4378 l.
