3159 4934
385 321 468 364 carun
487 323 504 364 1.
523 323 557 365 on
576 323 635 365 arne
653 323 823 370 nennnrrours
841 326 968 368 nuuanne
1221 311 1257 369 35

102 445 242 512 occupent,
256 432 295 497 ad
310 450 398 513 quem
413 451 429 496 a
443 435 542 497 divina
563 435 744 513 providentia
760 446 919 510 uocantum
934 437 964 498 in
978 438 1126 514 operando
1140 443 1255 501 nutem-

106 542 193 612 perent
207 533 263 610 legi
279 533 405 605 divinae,
422 548 472 594 seu
488 533 570 595 iuxta
584 534 723 595 virtutem
741 542 910 610 operentur3
926 537 1096 616 harmonice
1110 537 1258 619 explicent

106 634 179 705 uires,
199 624 442 708 summosam
464 629 661 707 perficiendos.
677 629 759 693 Haec
781 632 807 692 si
828 634 907 705 fient,
922 633 1048 694 mundus
1067 634 1116 695 ille
1132 635 1256 698 moralis

101 731 261 803 efflorescat,
282 731 368 791 cuius
388 729 555 806 pulcritudo
570 736 649 793 tantu
663 737 708 792 cst
725 746 822 792 rerum
838 731 1032 793 materialium
1047 741 1150 794 ornatu
1172 749 1257 811 prae·

100 829 221 901 stantior,
243 837 352 912 quapto
368 827 502 912 ‚spiritus
530 829 716 904 conperiat
745 829 842 890 brutis
869 829 983 892 uiribus
1009 829 1199 909 intelligentia
1228 841 1257 894 et

103 925 435 1000 voluptasanteeellunt.
466 921 528 938 “’“’

135 1021 179 1086 26.
201 1022 378 1086 Pnonosrrm
394 1020 434 1085 3².
461 1020 543 1086 oreo
564 1023 701 1100 morulis,
723 1043 814 1105 quem
835 1024 982 1100 diximus,
1006 1027 1166 1089 coustituit
1187 1025 1258 1106 feli-

100 1121 216 1184 citatem
237 1119 460 1199 imperfectum,
482 1138 576 1199 quum
596 1122 630 1183 iu
650 1119 708 1182 tae
728 1121 796 1185 oitu
815 1123 942 1202 assequi
957 1140 1136 1204 possumus.

135 1218 289 1282 Probatur.
311 1217 451 1282 Felicitas
478 1219 648 1296 imperfecta
677 1220 726 1280 illa
755 1220 874 1294 dicitur,
895 1237 970 1299 quae
997 1230 1042 1284 est
1070 1224 1257 1301 participatio
1305 1237 1354 1269 ³²³<
1402 1282 1409 1296 ,

103 1318 240 1394 quaedam
263 1317 407 1394 perlectae
427 1323 457 1378 et
477 1317 563 1394 quasi
584 1317 718 1379 inchoata
739 1319 873 1380 eiusdem
898 1321 1052 1394 possessio.
1074 1319 1160 1408 Hanc
1181 1305 1301 1385 eeru'fi
1314 1294 1424 1417 *iqua

104 1417 181 1478 homo
202 1414 391 1492 consequitur
407 1415 435 1476 vi
449 1413 558 1477 ordinis
572 1415 703 1487 moralis,
718 1431 870 1493 perquem
886 1417 1051 1494 disponitur
1065 1434 1100 1481 ac
1116 1421 1208 1482 tendit
1221 1421 1259 1482 ad
1418 1491 1422 1503 Ι

104 1514 261 1576 beatitatem
284 1513 362 1574 vitae
382 1493 622 1575 futuraelipnmo
642 1513 771 1590 quidem,
786 1515 853 1591 quia
868 1511 965 1590 ipsam
987 1516 1045 1576 iam
1068 1525 1260 1594 praegustare
1284 1516 1297 1574 ':·
1387 1521 1402 1545 f
1419 1532 1458 1554 ε’

102 1613 195 1690 incipit
217 1610 384 1689 cognitione
412 1620 441 1671 et
469 1609 622 1672 dilectione
643 1608 708 1684 Dei,
729 1612 838 1688 quibus
862 1613 980 1673 actibus
1009 1629 1077 1690 pars
1102 1616 1258 1692 praecipua
1276 1613 1285 1653 l
1298 1635 1315 1672 .;
1344 1645 1383 1666 ·-·

103 1710 203 1771 ordinis
224 1708 345 1771 moralis
367 1708 542 1771 continetur.
567 1706 689 1782 Deinde,
709 1709 778 1786 quia
800 1709 985 1800 obseruantia
1007 1710 1118 1772 ordinis
1140 1712 1261 1774 moralis
1320 1705 1323 1715 '
1372 1737 1375 1744 ·

102 1823 175 1884 spem
195 1807 324 1885 acquirit
345 1806 536 1884 adipiscendi,
551 1803 616 1883 pos't
637 1806 726 1870 huius
747 1807 825 1868 uitae
846 1822 976 1880 cursum,
991 1809 1148 1885 perfectam
1170 1809 1261 1872 felici·

106 1914 195 1968 tatem.
217 1906 258 1968 At
280 1921 349 1966 vero
369 1905 405 1978 is,
426 1907 477 1982 qui
500 1905 565 1966 boni
586 1905 792 1982 alicuius-spe
813 1917 893 1967 certa
921 1905 1039 1980 fruitur,
1060 1907 1133 1968 illud
1162 1908 1261 1985 aliqua
1362 1898 1366 1904 ⁴
1418 1899 1423 1909 ’
1466 1905 1469 1910 ’
1516 1877 1550 1896 ⁶*

104 2004 207 2066 ratione
222 2005 283 2065 iant
300 2003 436 2080 possidet.
452 1999 508 2075 Qui
523 2003 614 2080 igitur
627 2003 720 2065 ordini
738 2002 851 2075 morali,
866 2018 917 2066 seu
933 2004 1046 2076 virtuti,
1060 2005 1112 2068 dat
1126 2021 1262 2082 operam3

100 2103 135 2176 is,
154 2111 270 2180 propter
291 2115 374 2178 spem
395 2100 546 2162 felicitatis
567 2102 693 2174 futurae,
714 2102 773 2163 iam
794 2117 881 2178 nunc,
902 2109 1044 2178 quantum
1066 2103 1156 2164 huius
1185 2104 1263 2166 vitae

104 2185 221 2264 conditio
244 2203 365 2279 patitur,
380 2199 448 2262 felix
469 2207 499 2262 et
521 2201 591 2262 bene
612 2201 759 2264 ominatus
775 2201 832 2263 dici
848 2208 945 2279 potest
960 2199 1011 2279 (l).
1028 2199 1145 2274 Contra,
1159 2203 1209 2280 qui
1226 2202 1262 2263 de

103 2317 229 2378 suprema
250 2300 390 2362 felicitate
418 2300 562 2377 desperat,
583 2300 621 2371 is,
641 2298 757 2360 etiamsi
786 2299 892 2361 ceteris
920 2299 1024 2360 adluat
1053 2300 1144 2372 bonis,
1173 2301 1263 2362 miser

99 2399 209 2460 vornaino
230 2406 277 2460 est
298 2407 328 2459 et
347 2397 455 2460 infelix.
477 2395 548 2470 Quis
569 2397 645 2459 euim
667 2412 723 2459 nou
745 2399 886 2458 miserum
907 2397 1024 2471 dixerit,
1039 2397 1068 2458 in
1089 2412 1176 2474 quem
1198 2413 1261 2458 ma-

104 2497 177 2558 xima
196 2497 329 2558 imminet
350 2495 489 2556 miseria‘.l
512 2492 640 2556 Maxima
665 2503 764 2556 autem
794 2495 911 2556 miseria
933 2502 978 2555 est
1005 2495 1126 2556 amissio
1154 2495 1262 2556 summi

32 2673 33 2678 ἵ
102 2595 176 2668 boni,
197 2611 264 2657 eum
286 2602 449 2657 ceterorum
471 2594 612 2655 honorum
634 2593 796 2670 privatione
817 2593 981 2654 coniuncta.

385 2823 388 2830 '
475 2787 649 2888 Solvuntur
668 2823 879 2904 difficultates.

136 2983 183 3048 27.
204 2983 296 3048 Obiie.
311 2983 332 3049 Ι.
345 2982 470 3047 Videtur
483 2985 638 3048 dicendum
654 3001 722 3047 oum
738 2983 895 3058 (lennensi,
908 2985 1079 3069 felicitatem
1097 2986 1262 3063 praesentis

32 3113 33 3120 .
101 3086 176 3146 uitae
196 3087 225 3146 in
247 3085 356 3146 doloris
377 3093 407 3146 et
427 3083 618 3161 aegritudinis
639 3083 787 3146 vacuitate
809 3085 917 3161 reponi.
933 3081 974 3148 Ut
988 3086 1065 3145 euim
1087 3084 1151 3163 ipse
1165 3084 1265 3146 obser-

101 3191 159 3256 vat,
174 3181 320 3261 «Ecquid
341 3190 446 3244 naurra
468 3190 567 3244 nostra
590 3182 700 3258 puscit?
723 3177 839 3258 Nempe
860 3196 915 3243 non
937 3182 1035 3244 dolere
1056 3197 1187 3260 corpore,
1205 3197 1261 3243 nou

102 3296 268 3359 aegrescere
297 3281 410 3342 animo:
435 3278 523 3357 idque
551 3280 761 3355 persentiscere
789 3279 885 3341 vivide
912 3287 1146 3356 constanterque.
1168 3278 1264 3356 Igitur

102 3379 274 3440 conscientia
297 3377 455 3440 vacuitatis
469 3376 578 3440 doloris
592 3384 622 3438 et
642 3377 835 3454 aegritudinis
851 3392 989 3453 magnum
1006 3384 1053 3438 est
1068 3377 1142 3437 illud
1156 3378 1271 3438 honum

98 3483 131 3534 et
154 3453 311 3550 summum]
330 3475 407 3554 quod
436 3474 465 3535 in
486 3475 543 3536 hac
564 3475 624 3536 uita
652 3474 786 3535 homines
807 3481 950 3552 appetunt
977 3482 1007 3536 et
1034 3480 1204 3550 sequuntur.
1226 3470 1263 3535 Ei

103 3572 240 3651 cogeant,
261 3574 288 3634 ei
310 3572 497 3646 adlaborant;
519 3570 662 3650 quidquid
683 3581 783 3650 agunt,
797 3572 941 3650 quidquid
961 3573 1118 3649 abstinent,
1133 3570 1264 3648 fugiendi

101 3686 191 3733 eausa
212 3671 329 3735 doloris·
340 3666 579 3748 repellendaequc
599 3670 791 3749 aegritudinis
805 3677 896 3747 agunt
915 3669 1129 3747 abstineatque.
1143 3665 1222 3741 Quin
1236 3669 1264 3729 si

99 3769 207 3844 dolent,
228 3771 326 3834 dolent
347 3785 382 3832 ne
402 3768 520 3832 doleant
534 3763 617 3846 (its

142 3954 178 4016 (1)
196 3953 292 4002 «Beati
309 3953 426 4002 dicuntur
442 3951 518 4016 aliqui
534 3951 560 3998 in
577 3951 625 4000 hac
642 3951 693 4000 nita
715 3950 754 3998 vel
775 3957 880 4012 propter·
902 3963 972 4011 spem
995 3946 1157 3996 beatitudinis
1181 3946 1265 4010 adipi·

97 4035 206 4084 suendae
222 4035 247 4082 in
264 4035 351 4084 lutura
368 4034 426 4089 vita,
443 4035 583 4081 seeundum
599 4032 657 4080 illud
676 4033 719 4088 (an
735 4030 804 4078 Rom.
815 4028 838 4086 8,
849 4028 898 4087 24).
918 4029 967 4090 Spe
982 4028 1053 4074 salvi
1067 4029 1139 4094 faeti·
1152 4043 1266 4084 sumus‚·

98 4114 134 4162 vel
145 4122 250 4178 propter
260 4115 369 4178 aliquam
383 4113 603 4176 participationem
615 4109 784 4166 beatitudinis,
796 4109 937 4156 secundnm
947 4105 1084 4171 aliqualem
1100 4109 1193 4157 nummi
1206 4108 1276 4157 boni„

97 4197 321 4259 participationem.
334 4213 347 4240 a
365 4194 391 4243 S.
409 4194 528 4248 Tmouas,
546 4191 659 4239 Summo
676 4189 712 4238 tlt.
729 4189 751 4247 l,
767 4186 790 4247 2,
807 4202 830 4250 q.
848 4185 879 4245 V,
896 4203 918 4236 a.
936 4187 959 4236 4.

32 4307 34 4324 .
142 4275 176 4337 (2)
194 4276 233 4323 De
250 4276 311 4324 iure
327 4284 351 4323 et
367 4273 471 4338 officiis,
489 4287 510 4322 e.
525 4271 544 4328 l,
560 4277 574 4328 ς
590 4270 612 4318 5.

835 4365 850 4403 Q
