3159 4934
359 354 443 397 carun
461 354 496 397 ιιι
516 356 551 397 nn
568 354 672 398 currens
690 354 795 397 uouuus
813 356 883 398 nucu
901 354 1009 398 smrsuu
1156 346 1161 355 ’
1215 343 1266 400 153

98 465 215 529 luntale
234 467 337 540 libera,
361 476 393 529 ut
414 483 502 545 saepe
522 470 636 547 repetit,
657 468 703 533 vel
725 484 793 531 cum
822 470 931 533 ratione
952 470 1090 549 bominis,
1112 486 1163 547 per
1185 487 1217 535 se
1237 480 1268 535 et

100 566 235 629 absolute
250 573 392 643 spectata,
406 566 564 629 confundit.
579 564 676 640 Quare
690 567 753 628 eius
766 567 909 629 sententia
923 568 1097 647 obsequium
1111 569 1169 649 legi
1182 585 1267 647 prae·

100 664 221 739 stilum,
232 662 313 725 aliud
327 679 382 726 non
396 665 463 737 erit,
474 664 531 726 nisi
546 665 719 744 obsequium
735 666 910 742 praestitum
925 668 1059 743 propriae
1073 665 1202 730 libertati
1216 678 1268 731 aut

101 760 218 822 rationi.
234 758 298 823 Hoc
320 768 419 824 autern
441 762 646 839 turpissimum
667 762 780 825 inducit
800 764 976 844 epoismnm,
997 765 1098 827 sinon
1120 764 1267 845 sensilem,

100 857 208 921 saltem
230 858 483 922 rationalisticum.
510 861 608 939 Atque
628 860 659 923 id
684 869 909 923 consentaneum
931 861 1016 939 plane
1034 869 1099 923 erat
1118 863 1267 926 doctrinae

106 954 223 1033 Kantii,
239 964 269 1018 nt
284 958 529 1035 quemadmodum
545 958 575 1021 iu
588 960 689 1021 ordine
702 958 877 1037 cognitionis
891 959 1038 1021 bominem
1053 960 1267 1039 sibimetipsum

100 1056 208 1117 rnundi
227 1056 405 1120 conditorem
428 1058 574 1131 effecerat,
591 1058 633 1119 sic
653 1057 683 1118 in
705 1056 805 1119 ordine
825 1056 1002 1134 operationis
1020 1053 1216 1135 legislatorem
1237 1066 1266 1119 et

102 1154 194 1215 tinem
205 1155 404 1217 constitueret.
419 1152 503 1218 Unde
513 1170 569 1217 non
581 1155 667 1218 modo
675 1150 878 1235 philantiam,
891 1154 942 1216 sed
955 1168 1053 1216 veram
1063 1152 1267 1216 autolntricm

99 1252 262 1314 adstruxit.
278 1251 359 1325 Quod
375 1253 537 1315 evidentius
552 1252 646 1331 patuit
659 1253 688 1313 in
702 1249 822 1325 Flchte3
843 1252 905 1330 qul,
920 1251 1151 1315 rationalisnrum
1164 1248 1265 1315 Kantii

101 1350 268 1433 perficiens,
288 1350 420 1429 regulam
442 1353 570 1414 omnium
591 1352 754 1415 officiorum
769 1350 807 1411 ad
823 1351 878 1413 lroc
899 1350 1025 1428 reduxit,
1039 1357 1073 1411 ut
1093 1350 1181 1412 borno
1200 1366 1268 1427 ope·

100 1457 185 1510 retur
199 1464 236 1511 ex
250 1464 291 1522 se,
309 1464 360 1511 seu
375 1449 458 1511 iuxta
474 1449 621 1526 propriam
636 1450 853 1525 persuasionem
866 1456 896 1508 et
910 1447 967 1509 sibi
988 1454 1101 1509 tantum
1116 1446 1267 1519 obediens

102 1553 135 1605 ut
163 1546 210 1607 sie
237 1546 275 1607 ad
303 1546 498 1609 omnimodam
524 1546 775 1625 independentiam
800 1545 945 1618 deveniat,
969 1545 998 1604 in
1023 1560 1082 1623 qua
1110 1545 1176 1606 linis
1203 1546 1267 1607 eins

100 1642 226 1704 ultimus
247 1642 414 1706 collocatur.
433 1641 513 1719 Hinc
534 1641 586 1706 Dei
616 1644 761 1706 notionem
790 1642 829 1705 ab
849 1641 956 1705 Ethica
981 1642 1119 1715 removit,
1140 1658 1207 1705 cum
1228 1643 1267 1706 ad

101 1740 223 1803 modurn
243 1740 326 1803 illurn
347 1742 485 1819 operandi
506 1749 534 1805 et
562 1742 599 1804 ad
627 1744 713 1804 tinem
736 1742 815 1803 bunc
835 1740 1071 1818 consequendum
1094 1740 1183 1803 bomo
1209 1755 1267 1803 non

101 1839 243 1917 indigeat,
263 1838 318 1902 nisi
341 1840 457 1918 propria
478 1841 627 1903 nativitate
642 1838 694 1919 (l).

142 1934 211 2000 Non
231 1952 279 2001 me
297 1938 373 2016 rugit
394 1937 467 2000 alios
494 1937 701 2011 rationalistas,
727 1936 898 2014 praesertim
924 1935 1083 2015 Schelling,
1107 1944 1139 1998 ut
1163 1937 1268 1999 absur-

103 2034 173 2095 dum
195 2035 253 2096 boc
274 2035 463 2108 declinarent,
484 2034 625 2099 rationem
646 2050 702 2097 non
724 2041 811 2110 prout
831 2031 1035 2097 individualis
1052 2041 1081 2097 et
1101 2032 1269 2097 subiectiora

101 2140 156 2202 est,
175 2131 226 2193 sed
241 2130 411 2213 analogice
424 2135 582 2211 sumptam
595 2140 625 2194 et
638 2129 790 2205 obiectare,
805 2143 857 2194 seu
879 2139 965 2209 prout
979 2130 1197 2211 impersonalis
1210 2135 1267 2208 est,

101 2228 264 2290 induxisse.
287 2226 399 2293 Verum
421 2230 462 2307 bi,
483 2231 696 2293 absurditatem
715 2245 803 2291 unam
825 2230 919 2293 vitare
940 2231 1101 2309 cupientes,
1126 2231 1155 2292 in
1180 2229 1267 2291 aliam

101 2340 159 2387 non
180 2327 321 2389 minorem
344 2328 516 2391 inciderunt.
538 2325 634 2390 Rullo
654 2329 731 2391 enim
752 2329 827 2390 baec
847 2328 1060 2405 impersonalis,
1080 2342 1157 2407 quae
1176 2329 1267 2390 asin·
1288 2360 1295 2379 ·

102 2424 446 2511 gularibustominibus
467 2427 675 2507 distinguatur,
699 2438 727 2489 et
752 2429 943 2491 nibilominus
969 2428 998 2490 iu
1019 2428 1093 2505 ipsis
1116 2436 1266 2504 appareat,

104 2524 279 2600 figmentum
304 2532 452 2587 restaurat
473 2526 613 2588 Averrois
640 2525 677 2587 de
703 2526 854 2589 intellectu
882 2524 1054 2598 universali;
1075 2533 1171 2605 atque,
1199 2541 1266 2589 curn

102 2636 158 2683 uec
177 2623 255 2683 ratio
276 2622 374 2685 divim
396 2624 435 2684 sit
455 2639 508 2685 nec
532 2626 659 2685 bumana
682 2622 837 2703 (siquidem
865 2630 990 2700 utraque
1010 2630 1057 2684 est
1083 2622 1267 2701 personalis),

100 2728 156 2781 aut
175 2720 250 2782 nihil
269 2729 314 2783 est
335 2727 386 2783 aut
407 2722 567 2784 abstractio
587 2720 701 2783 mentis.
717 2719 783 2784 Huc
806 2736 908 2783 reuera
930 2719 1048 2782 tandem
1068 2720 1175 2783 recidit
1193 2720 1269 2782 stoi

101 2815 229 2893 emmas,
251 2833 309 2896 quo
323 2826 438 2881 nostrae
452 2819 558 2881 aetatis
572 2820 795 2897 epicureisnus,
809 2819 847 2880 ad
861 2819 962 2879 iurum
977 2818 1077 2881 stultis
1091 2820 1267 2892 laciendum,

101 2916 161 2994 tegi
184 2916 267 2979 solet.

571 3079 740 3143 Anrrcunus
761 3078 798 3143 li.

465 3208 514 3273 De
533 3208 645 3291 officiis
665 3210 768 3289 quood
787 3229 908 3289 corpus.

141 3404 192 3468 51.
213 3404 299 3473 Unde
321 3403 468 3473 nriunlur.
490 3406 585 3473 Homo
606 3425 662 3472 non
684 3410 745 3471 solo
766 3409 864 3471 animo
884 3416 1008 3481 constat,
1027 3408 1182 3470 sedetiam
1199 3393 1271 3468 cor-²

97 3519 189 3581 pore;
211 3520 227 3567 a
252 3522 310 3583 quo
334 3521 442 3585 organa
467 3508 701 3584 suppeditantur,
723 3506 865 3569 sentiendi
886 3505 1000 3569 viribus
1024 3513 1196 3582 opportuna.
1218 3500 1267 3565 Sic

95 3618 138 3664 ex
156 3603 309 3681 utriusque
323 3604 468 3666 iunctione
483 3605 686 3667 substantialis
701 3606 799 3666 unitas
815 3602 978 3681 praesentis
997 3603 1060 3665 eius
1078 3601 1267 3664 exsistentiae

95 3698 235 3762 resultat.
250 3698 290 3765 Ut
303 3702 380 3763 enirn
402 3701 510 3763 anirnal
531 3702 678 3780 signifieat
690 3702 721 3763 id
734 3701 813 3779 quod
827 3703 917 3764 babet
932 3708 1068 3762 naturam
1082 3698 1266 3770 sensitivam,

97 3798 244 3861 rationale
266 3814 335 3861 vero
353 3799 434 3877 qnod
447 3798 538 3861 babet
558 3808 693 3861 naturam
711 3798 933 3870 intellectivam3
947 3797 990 3859 sic
1010 3798 1098 3859 bomo
1118 3794 1266 3873 significat

98 3896 181 3974 quod
207 3896 298 3958 babet
323 3905 487 3975 utramque.
509 3893 606 3969 Quare
626 3898 764 3975 officium,
785 3910 844 3973 qno
864 3897 953 3957 bomo
973 3893 1167 3970 adstringitur
1188 3907 1268 3956 corn-

95 3996 199 4073 plendi
220 3998 309 4059 lruern
331 3997 385 4058 sibi
407 4011 424 4057 a
446 3994 507 4058 Deo
528 3996 556 4058 in
579 3998 634 4058 bac
649 3995 709 4057 vita
722 3995 942 4072 praestitutum,
957 3991 1090 4069 corporis
1109 3992 1198 4053 etiam
1220 4000 1267 4053 tn·

96 4094 191 4156 telam
213 4108 374 4172 curamque
394 4093 608 4169 complectitur.
623 4088 761 4168 Operatio
775 4091 852 4152 enim
873 4089 1076 4151 exsistentiam
1097 4088 1223 4151 subiecti
1237 4096 1267 4151 et

96 4200 310 4269 congruentem
331 4191 552 4269 dispositionem
574 4188 717 4273 exposcit·
748 4250 758 4273 .,›

146 4363 183 4424 (lt
202 4364 324 4427 system
343 4361 452 4411 Ethirae
464 4362 542 4409 iuncta
552 4362 600 4423 pri
604 4358 694 4421 ncipia
706 4358 824 4406 theoriae
834 4355 970 4404 scientiae.
