3159 4934
438 351 522 393 otrur
542 350 617 393 nnn
635 348 777 393 morerere
795 350 873 392 cruror
1182 336 1241 393 305

65 464 201 539 fovenda,
221 464 300 543 quod
328 464 366 526 ad
387 464 515 527 officium
544 462 753 526 beneficentiae
774 462 908 541 pertinet.
931 460 1008 527 Hinc
1037 472 1070 525 ut
1091 464 1240 527 consocia·

66 563 162 626 tiones
175 562 211 624 ad
228 562 401 624 industriam
422 562 469 624 uel
483 562 692 631 commercium
710 570 888 639 spectantes,
903 563 955 624 ubi
975 562 1124 641 operosior
1139 560 1239 641 populi

65 678 137 740 pars
158 660 280 725 tutelam
294 668 325 723 ct
344 661 512 723 adiumenta
533 660 886 739 inveniatcdormcntur,
900 666 964 723 tum
985 660 1118 739 impense
1132 676 1239 723 curan·

64 760 198 822 domest
213 767 246 821 ut
260 758 357 821 civilis
371 758 505 821 caritatis
524 758 704 821 exercendae
724 758 859 819 instituta
876 758 1043 831 florescant,
1058 758 1096 819 ad
1108 756 1238 835 inopiam

62 865 95 921 ct
117 872 274 919 aerumnas
293 857 486 933 indigentium
506 858 717 919 sublevandas.

108 953 212 1027 Quoad
225 954 375 1033 publicam
387 971 456 1019 vero
468 956 705 1034 prosperitatem,
720 971 796 1033 quac
810 954 932 1033 emergit
946 969 982 1016 ex
994 953 1093 1032 populi
1104 954 1239 1017 multitu·

64 1053 147 1126 dine,
160 1051 317 1129 opulentia,
331 1052 472 1115 facilitate
489 1053 678 1132 comparandi
693 1068 727 1115 ea
742 1054 849 1132 omnia,
870 1068 947 1130 quac
964 1052 1128 1114 suaviorem
1147 1053 1238 1115 uitam

62 1152 212 1224 efficiant3
226 1151 282 1213 tria
303 1151 488 1228 potissimum
509 1150 720 1214 consideranda
741 1159 819 1213 sunt.
835 1148 967 1214 Primum
990 1158 1046 1224 est,
1061 1164 1117 1212 non
1134 1165 1172 1228 po
1195 1148 1237 1212 uli

63 1247 259 1326 frequentiam
274 1248 453 1310 indefinitam
469 1246 551 1310 adid
566 1250 705 1322 conterre,
720 1250 772 1312 sed
794 1248 973 1351 talem‘quae
987 1249 1042 1311 rite
1059 1165 1238 1326 rosponioar

64 1344 173 1407 mediis
186 1359 252 1407 cam
272 1343 367 1407 alendi
382 1354 412 1408 et
424 1346 579 1419 educandi,
594 1352 627 1408 ut
647 1346 802 1409 incolumis
823 1356 853 1409 et
867 1347 940 1409 berre
961 1353 1074 1409 morata
1094 1354 1238 1409 servetur.

64 1440 189 1516 Deinde,
209 1442 387 1519 opulentiam
415 1442 594 1519 reipublicae
614 1460 670 1507 non
699 1452 768 1507 tunc
789 1444 904 1517 baberi,
925 1459 993 1505 com
1022 1460 1093 1521 pars
1123 1451 1238 1506 tautum

63 1540 176 1603 ciuium
203 1540 315 1602 divitiis
341 1541 481 1619 abundat,
502 1541 596 1603 altera
624 1558 693 1605 vero
715 1542 813 1620 inopia
841 1541 998 1620 premitur:
1021 1542 1050 1604 in
1080 1543 1136 1604 boc
1160 1541 1238 1603 enim

64 1640 166 1717 potius
188 1640 320 1719 tyrannis
334 1640 478 1718 quaedam
499 1641 704 1704 aristocratiae
726 1642 869 1714 corniton
885 1640 936 1705 sed
959 1648 1020 1703 tum
1042 1656 1143 1703 revera
1163 1641 1239 1704 exsi-

65 1745 155 1811 stere,
175 1752 243 1799 cum
271 1737 335 1799 sine
356 1737 445 1799 ullius
468 1737 575 1799 iniuria
596 1738 722 1801 divitiae
741 1740 771 1800 in
786 1738 902 1801 multos
923 1738 1134 1800 diffunduntur.
1157 1735 1239 1812 Quae

64 1851 137 1898 sane
157 1834 278 1898 diltusio
298 1851 353 1898 non
376 1835 419 1897 sic
438 1835 569 1914 urgenda
592 1843 646 1909 est,
662 1844 695 1897 ut
714 1837 761 1898 ius
782 1833 981 1915 proprietatis,
995 1836 1073 1913 quod
1095 1852 1112 1898 a
1133 1827 1240 1897 natura

65 1934 210 2012 procedit,
236 1933 293 1996 ulla
315 1933 426 1996 ratione
452 1933 587 1996 laedatur
608 1943 661 1996 aut
681 1934 791 1997 iniusto
819 1932 912 1996 limite
940 1940 1119 1997 coarctetur.
1146 1930 1239 1997 Immo

64 2047 137 2110 prae
157 2028 253 2093 oculis
267 2030 434 2093 babendum
455 2039 512 2111 est,
533 2046 582 2121 oq
590 2032 756 2109 proprietas
776 2030 867 2093 nimis
888 2031 1055 2094 minutatim
1078 2038 1162 2093 secta
1179 2030 1241 2093 dis·

65 2128 203 2206 sipatioui
219 2128 317 2205 potius
332 2127 512 2190 assimiletur
527 2135 558 2190 et
572 2128 681 2191 sociale
695 2144 805 2206 corpus
819 2135 945 2191 enervet.
961 2127 1093 2207 Denique
1107 2129 1240 2191 suavitas

66 2226 145 2289 ritae
166 2224 399 2287 mediocritatem
418 2224 549 2304 aliquam
572 2225 629 2288 sibi
653 2225 795 2299 vindicat,
815 2241 892 2303 quae
905 2226 1025 2289 uirtutis
1040 2228 1158 2303 propria
1181 2233 1239 2300 est;

64 2337 171 2399 nempe
187 2329 250 2383 uta
268 2322 451 2400 praescripto
464 2323 588 2386 rationis
609 2324 651 2385 sic
673 2331 862 2401 temperetur,
883 2331 917 2385 ut
938 2324 1022 2387 bonis
1037 2324 1169 2386 moribus
1181 2340 1238 2387 non

64 2427 178 2483 noceat.
201 2416 231 2482 Si
252 2420 329 2482 enim
355 2435 479 2484 excessu
506 2436 559 2483 suo
580 2421 694 2483 animos
719 2420 852 2484 emolliat
868 2431 905 2484 ct
928 2421 1084 2483 sensilibus
1105 2421 1240 2499 volupta-

66 2520 148 2580 tibus
170 2518 284 2596 attigat,
304 2517 341 2579 ad
363 2518 570 2596 perlectionem
592 2518 732 2582 socialem
758 2520 903 2597 pertinere
924 2535 981 2582 non
1003 2518 1124 2597 poterit:
1147 2518 1239 2599 siqui·

62 2615 132 2679 dem
152 2614 221 2676 finis
252 2613 370 2676 socialis
390 2614 420 2676 in
451 2615 552 2692 ordine
573 2616 677 2678 morali
710 2616 882 2693 praesertim
904 2617 980 2679 situs
1007 2628 1063 2691 est,
1085 2617 1233 2695 adquam

63 2712 188 2791 proinde
208 2712 389 2774 referendum
410 2720 456 2775 est
475 2713 620 2792 quidquid
641 2702 813 2776 societatem
834 2715 947 2776 attinet.

108 2805 176 2871 113.
197 2806 281 2875 Bona
302 2806 487 2894 spiritualia.
509 2807 689 2873 Huiusmodi
713 2812 789 2873 bona
811 2811 849 2873 ad
871 2810 1023 2874 scientiam
1045 2819 1075 2874 et
1097 2814 1238 2876 virtutem

62 2913 250 2981 revocantur,
270 2922 307 2968 ex
335 2907 444 2985 quibus
467 2908 598 2986 proxime
618 2908 690 2972 ordo
711 2908 832 2972 moralis
853 2910 997 2988 exsurgit.
1018 2907 1116 2984 Quare
1137 2912 1175 2974 ad
1203 2928 1238 2975 ea

63 3002 255 3081 potissimum
266 3004 294 3065 in
307 3004 423 3067 civibus
436 3020 472 3067 ac
486 3006 515 3067 in
533 3013 593 3068 tota
608 3006 758 3084 republica
773 3006 980 3085 promovenda,
992 3008 1122 3071 benefica
1137 3017 1238 3073 aucto·

63 3101 164 3163 ritatis
184 3100 262 3165 actio
283 3101 451 3165 incumbere
472 3103 574 3177 debet;
595 3103 637 3165 ita
659 3112 767 3178 tamon,
782 3112 816 3167 ut
838 3106 972 3183 proprios
991 3105 1109 3187 limites,
1124 3108 1237 3170 ordinis

62 3198 204 3261 nimirum
224 3200 347 3273 externi,
368 3216 552 3279 nequaquam
580 3202 713 3264 excedat.
736 3198 803 3265 Non
832 3202 919 3265 modo
940 3202 1032 3282 igitur
1060 3204 1237 3279 academias,

63 3302 94 3356 et
114 3294 217 3373 lycaea
234 3297 394 3359 constituet
414 3314 450 3360 ac
470 3297 568 3360 debito
588 3300 759 3377 organismo
780 3298 910 3374 donabit,
925 3308 958 3363 ut
980 3301 1010 3363 in
1031 3302 1067 3363 iis
1087 3310 1238 3380 praestan-

64 3390 384 3554 tiorJintelligcntiae
404 3395 585 3458 convenienti
607 3412 674 3458 cum
696 3397 832 3459 libertate
853 3398 1056 3475 perficiantum
1080 3398 1235 3462 sedetiam

62 3490 123 3553 lact
183 3492 268 3554 utin
298 3492 404 3571 vulgus
433 3494 532 3571 ipsum
561 3495 711 3559 sufficiens
733 3511 832 3558 rerum
864 3498 1001 3578 cognitio,
1022 3506 1051 3561 et
1083 3498 1236 3576 disciplina

63 3590 285 3655 disseminetur.

107 3682 172 3757 Qua
184 3689 213 3751 in
228 3704 259 3751 re
272 3689 381 3768 duplex
395 3697 559 3753 extremum
574 3692 726 3755 vitandum
740 3703 800 3755 est:
817 3690 861 3755 Ne
877 3693 960 3771 plebs
975 3702 1026 3756 ant
1046 3694 1170 3757 nimium
1187 3713 1238 3759 ru·

62 3784 123 3857 dis,
137 3794 187 3849 aut
207 3786 284 3864 plus,
298 3802 389 3865 quam
410 3787 475 3849 eius
496 3788 623 3851 conditio
645 3791 767 3866 patitur,
782 3790 901 3853 erudita
922 3789 1077 3854 habeatur.
1095 3790 1237 3873 Utrinque

62 3882 142 3945 onim
164 3898 218 3947 non
240 3884 315 3947 levia
336 3884 413 3947 mala
435 3884 616 3962 proveniunt.
641 3885 809 3965 Ignorantia
830 3888 908 3950 enim
929 3889 1239 3967 ferocem,·obtusum,

63 3979 226 4058 voluptatis
239 3989 411 4057 amatorem,
422 3983 643 4061 immorigerum
659 3985 800 4062 populum
814 3985 901 4059 lacit3
913 3985 1072 4049 immodica
1088 4002 1157 4051 vero
1170 4003 1236 4051 cru·

62 4077 146 4157 ditio,
166 4095 242 4157 quac
270 4094 417 4159 nunqnam
438 4082 468 4143 in
488 4095 523 4145 eo
544 4080 628 4159 plena
650 4095 719 4143 esse
747 4088 853 4159 potest,
874 4084 1045 4161 superbum,
1067 4084 1237 4160 indocilem,

61 4178 221 4241 mutandae
234 4180 367 4242 fortunae
380 4178 512 4253 avidum,
526 4178 728 4256 impatientem
742 4178 864 4254 laboris,
878 4179 1108 4245 tumultuantem
1130 4183 1237 4247 reddit.

103 4277 162 4343 Sed
177 4281 308 4345 omnium
322 4282 450 4345 maxime
470 4280 591 4346 colenda
605 4291 651 4346 est
672 4282 799 4362 Religio,
814 4284 877 4347 sine
892 4301 950 4363 qua
972 4293 1069 4349 cetera
1085 4287 1171 4349 tlocci
1185 4288 1240 4349 fie-

142 4404 464 4457 nmmum-maten
476 4416 500 4456 et
515 4408 560 4455 ius
576 4415 701 4458 naturae.
1143 4409 1175 4459 20
