3159 4934
797 243 936 286 ETHICA

655 511 657 516 ’
743 517 912 581 Aamcuaus
935 513 990 605 lv,

365 649 415 714 Dc
428 651 605 731 principiis,
626 650 834 714 moralitatem
854 652 941 714 actui
957 650 1093 714 bumouo
1112 648 1369 730 impertientibus.

325 846 373 912 50.
389 847 484 916 dolus
499 845 636 915 morales
650 845 702 913 alii
716 844 897 931 oblipalorii
914 845 966 914 alii
982 843 1080 914 libari.
1095 847 1191 910 Actus
1207 845 1363 909 voluntarii
1383 845 1456 906 stri-

285 940 365 1010 ctius
384 948 507 1024 accepti,
529 946 667 1008 nimirum
688 953 777 1023 prout
796 941 853 1018 aon
874 946 961 1008 modo
980 962 998 1008 a
1019 945 1170 1007 volontate
1191 943 1354 1022 procedunt
1382 957 1455 1004 cum

285 1045 448 1125 cognitione
468 1045 543 1118 linis,
564 1059 667 1107 verum
687 1044 777 1112 etiam
797 1059 834 1106 ar
855 1044 946 1107 libera
966 1043 1108 1107 electione
1128 1045 1214 1116 liunt,
1234 1040 1406 1104 dividuntur
1422 1040 1457 1101 in

286 1146 475 1233 hillesffli
495 1149 605 1225 turpes,
621 1149 707 1220 prout
727 1141 897 1204 relationem
912 1142 1021 1204 babent
1035 1140 1255 1204 convenientiae
1276 1146 1329 1201 aot
1342 1139 1458 1201 discre-

287 1243 402 1317 pantiae
422 1256 489 1303 cum
510 1248 614 1302 natura
636 1239 780 1315 rationali,
802 1240 839 1300 ad
859 1256 949 1318 quam
971 1239 1124 1317 pertinent.
1141 1237 1219 1302 Cum
1241 1253 1310 1302 vero
1329 1246 1459 1300 naturae

286 1337 437 1402 rationalis
458 1337 608 1415 proprium
629 1337 668 1398 sit
684 1339 801 1416 operari
812 1338 895 1398 iuxta
909 1337 1051 1423 ordinem,
1065 1337 1134 1401 hinc
1148 1338 1259 1400 iontem
1274 1334 1457 1398 moralitatis

286 1437 434 1500 actionum
455 1435 651 1497 humanarum
671 1435 701 1496 in
714 1434 859 1497 obiectivo
873 1435 973 1498 ordine
992 1451 1104 1517 rerum,
1117 1449 1169 1512 per
1190 1435 1332 1496 rationem
1346 1447 1458 1510 appre-

285 1536 377 1598 henso
397 1542 427 1596 et
447 1534 589 1595 voluntati
612 1519 876 1610 proposito,'situm
897 1548 964 1595 esse
983 1532 1183 1611 decrevimus
1201 1541 1262 1605 seu,
1276 1530 1356 1609 quod
1370 1531 1453 1592 idem

286 1640 379 1707 sonat,
393 1633 422 1694 in
443 1632 618 1696 connexione
639 1631 785 1704 cumdum
804 1631 920 1717 juliimo,
935 1631 986 1707 qui
1008 1631 1098 1693 totius
1117 1630 1229 1692 ordinis
1245 1636 1291 1690 est
1311 1634 1400 1706 caput
1421 1636 1459 1690 et

284 1733 513 1794 fundamentum.
526 1727 623 1802 Quare
637 1737 722 1793 actus
737 1729 807 1791 huic
821 1713 1146 1807 ordiuiiespoudentea,
1158 1727 1273 1790 honesti
1282 1719 1454 1798 'habeutun

284 1830 335 1908 qui
357 1838 469 1902 contra,
490 1828 583 1905 pravi.

325 1923 452 1990 Omissio
473 1941 580 2003 pravae
600 1924 723 1989 actionis
743 1940 859 2003 seraper
872 1933 919 1989 est
931 1924 1120 2003 obligatoria;
1143 1923 1213 2001 quia
1227 1921 1338 1983 malum
1353 1935 1458 1998 agere,

285 2039 434 2103 uunquam
454 2023 531 2086 licet.
547 2023 589 2086 At
602 2023 699 2101 quoad
713 2022 858 2108 actionem
873 2024 1038 2096 honestam,
1051 2021 1290 2100 distinguendum
1304 2028 1358 2082 est.
1374 2017 1457 2083 Nam

284 2123 311 2183 si
332 2123 368 2184 de
388 2134 456 2183 actu
477 2122 575 2201 agitur
594 2123 645 2200 qui
666 2121 852 2183 necessarius
872 2121 985 2183 bomini
1005 2129 1052 2183 est
1079 2127 1113 2182 ut
1139 2120 1169 2181 in
1196 2118 1297 2182 ordine
1317 2125 1455 2190 maneat;

285 2221 350 2283 eius
364 2219 485 2283 omissio
498 2219 575 2281 mala
590 2222 645 2292 est,
656 2234 691 2281 ac
706 2217 828 2296 proinde
841 2225 926 2281 actus
940 2217 1146 2297 obligationem
1161 2207 1455 2294 immrmtTQffmdo

289 2333 357 2381 vero
372 2326 457 2380 actus
473 2317 584 2380 nullam
598 2317 774 2395 exigentiam
790 2323 924 2394 respectu
937 2317 1049 2379 ordinis
1063 2317 1231 2396 praesefert,
1242 2318 1306 2379 eius
1320 2315 1458 2390 omissio,

287 2417 364 2480 mala
378 2416 437 2479 dici
451 2415 561 2495 nequit,
575 2424 604 2477 et
619 2425 703 2478 aetus
718 2415 823 2493 ipsein
839 2423 939 2478 nostro
952 2415 1008 2476 erit
1021 2415 1120 2488 libito3
1142 2416 1288 2494 quamvis,
1308 2415 1333 2477 si
1354 2414 1457 2478 ordini

288 2525 438 2593 congruat,
453 2515 582 2578 bonitate
602 2515 727 2575 truatur.
741 2511 819 2576 Hinc
833 2521 919 2576 actus
940 2515 1079 2577 honestus
1093 2513 1233 2577 dividitur
1253 2515 1284 2576 iu
1304 2511 1455 2594 obiipuio-

286 2611 370 2673 rium
390 2621 420 2674 et
441 2609 578 2674 liberum.
1360 2615 1363 2618 ’

326 2707 414 2771 Hisce
436 2708 600 2786 praeiactis,
615 2708 815 2787 quaerendum
829 2724 905 2771 aune
918 2716 965 2771 est
978 2709 1086 2788 quibus
1099 2708 1247 2786 capitibus
1265 2708 1337 2772 ordo
1351 2724 1456 2771 rerum

259 2872 263 2882 ,
286 2805 448 2869 obiectivus
470 2805 664 2869 moralitatem
686 2806 803 2868 actibus
824 2807 961 2868 humanis
981 2806 1179 2892 impartiatur.
1301 2858 1311 2867 ι
1335 2871 1343 2886 ,

619 3099 622 3105 ¹
706 3015 1024 3083 PuuuosuluuuS.

326 3194 375 3260 51.
397 3194 571 3260 Paorosrrm
589 3193 628 3258 1⁵.
643 3194 744 3259 Atius
765 3195 897 3260 bomani
909 3195 1118 3259 moralitatem
1133 3195 1301 3259 desimam
1320 3214 1360 3259 cx
1373 3195 1456 3260 obie-

285 3299 342 3371 cto,
364 3313 402 3357 eor
422 3294 486 3373 sirac
506 3298 536 3356 ci
556 3311 595 3356 eac
615 3295 873 3358 circumstantiis.
1043 3358 1045 3362 .

325 3395 411 3460 Prob.
434 3397 528 3475 prima
544 3412 620 3474 pars.
636 3394 711 3459 Cum
733 3397 863 3472 operatio
881 3395 923 3458 sit
943 3404 1041 3460 motus
1062 3397 1193 3474 quidam,
1214 3413 1272 3478 quo
1293 3398 1408 3459 animus
1421 3397 1454 3458 in

285 3497 431 3558 obiectum
453 3495 557 3566 lertur3
579 3494 617 3555 ab
638 3492 761 3566 obiecto,
775 3494 853 3572 quod
867 3494 962 3570 ipsam
978 3494 1124 3568 terminat,
1134 3493 1266 3572 speciem
1288 3500 1451 3558 mutuatur.

284 3589 361 3654 Nam
384 3591 510 3670 quisque
531 3598 628 3653 motus
642 3591 831 3668 specificatur
851 3608 868 3652 a
891 3592 1022 3653 termino.
1038 3589 1116 3654 Hinc
1134 3591 1334 3665 objecturam
1354 3609 1450 3670 quau-

286 3696 348 3751 tum
364 3688 489 3768 speciem
505 3688 609 3751 tribuit
623 3689 740 3762 actioni,
758 3688 867 3751 dicitur
881 3689 985 3768 formo
997 3690 1070 3762 eius,
1085 3688 1154 3752 licet
1168 3689 1343 3752 extrinseca.
1358 3685 1452 3752 Proot

284 3786 375 3864 igitur
395 3786 543 3849 obiectum
572 3786 753 3872 bouumest
775 3787 821 3849 vel
846 3786 966 3860 malum,
988 3802 1040 3848 seu
1065 3786 1169 3850 rationi
1198 3787 1372 3850 couveniens
1399 3796 1456 3848 aut

285 3883 465 3964 discrepans,
486 3884 617 3962 operatio
637 3885 702 3962 ipsa
725 3885 884 3947 bonitatem
906 3884 1008 3946 induet
1028 3883 1075 3947 vel
1097 3886 1249 3948 malitiam.

325 3977 402 4043 Hinc
422 3981 538 4054 interes,
554 3981 712 4044 bonitatem
728 3982 774 4045 vel
788 3981 941 4056 malitiam,
955 3997 1045 4060 quam
1060 3986 1191 4061 operatio
1204 4001 1241 4047 er
1254 3985 1369 4048 obiecto
1383 4000 1456 4047 cou-
1480 4014 1487 4026 ·

286 4078 387 4151 trabit,
407 4077 453 4141 illi
473 4094 540 4142 esse
559 4079 754 4168 essentialem,
775 4095 812 4142 ac
826 4072 947 4157 proinde
966 4081 1198 4157 immutabilem3
1219 4099 1287 4146 cum
1309 4083 1455 4160 respiciat

284 4175 474 4253 intrinsecam
496 4176 560 4238 eius
582 4177 757 4250 realitatem,
778 4193 831 4239 seu
845 4179 1014 4256 specificam
1036 4180 1188 4266 rationem.
1204 4180 1335 4243 Advorte
1355 4189 1456 4244 tamam
