3159 4934
302 361 357 418 260
621 375 664 417 rus
682 375 811 417 aarum
828 393 838 402 ·
855 375 924 417 raus
941 375 966 416 u.
985 363 1028 416 lus
1044 372 1153 415 munuc

304 496 456 565 tamquam
471 487 584 564 parenti
604 502 655 548 seu
670 485 889 565 patrifamilias,
907 494 938 548 et
958 493 1061 564 postea
1082 493 1233 549 crescente
1256 487 1364 564 populo
1379 487 1483 563 potuit

305 586 448 648 subiectio
463 583 511 646 illa
525 585 689 648 continuari
704 592 733 646 et
747 600 909 647 consensus
922 584 1040 647 extendi
1053 583 1092 646 ad
1111 584 1305 647 obediendum
1319 584 1365 646 illi
1385 585 1482 647 etiam

304 691 338 745 ut
347 684 421 763 regi,
436 682 553 762 qnando
567 683 763 746 communitas
776 682 829 744 illa
843 682 940 759 coepit
953 698 1018 744 esse
1032 682 1173 760 perlecta.
1187 680 1227 745 Et
1241 683 1368 744 tortasse
1383 682 1482 744 multa

304 796 394 860 regna
415 781 458 860 (et
478 781 508 842 in
529 779 701 859 particulari
723 779 851 857 primum
873 795 996 859 regnum
1018 795 1157 842 romanae
1177 779 1318 858 civitatis)
1333 779 1378 840 ita
1400 780 1482 842 inec

304 888 419 957 peruut.
434 877 473 942 lit
488 882 546 942 boc
566 879 652 940 modo
672 878 754 956 regia
770 885 900 955 potestas
919 884 949 940 et
969 878 1167 940 communitas
1186 878 1314 954 perlecta
1327 877 1424 940 amul
1438 880 1483 939 in-

304 977 402 1055 cipere
418 985 541 1054 possunt
552 974 604 1055 (l).
615 997 634 1031 »
650 973 712 1038 lam
728 975 878 1053 vernonis
892 974 981 1054 dicet,
995 974 1203 1040 auctoritatem
1217 974 1360 1040 Abrahae
1373 992 1424 1039 ex.
1438 994 1482 1057 gr.

304 1091 381 1154 quae
401 1075 460 1136 iam
481 1089 518 1136 ex
538 1073 700 1137 domestica
714 1089 771 1136 non
791 1073 879 1137 modo
894 1073 1102 1150 patriarchalis
1119 1073 1173 1135 sed
1192 1073 1253 1136 lere
1274 1073 1398 1150 politica
1413 1091 1483 1138 eva·

307 1179 388 1236 serat
409 1172 490 1251 (nam
512 1172 633 1235 leniebat
646 1172 763 1235 foedera
783 1187 850 1234 cum
867 1173 986 1251 regibus
1005 1179 1035 1233 et
1051 1187 1141 1248 parvo
1153 1172 1285 1235 exercitu
1305 1184 1484 1252 comparato

306 1271 452 1334 adversus
473 1272 574 1332 bostes
595 1266 673 1333 bello
696 1268 854 1348 pugnabat)
873 1286 909 1332 ex
931 1285 1077 1332 consensu
1096 1269 1275 1333 familiarum
1295 1280 1347 1333 aut
1371 1273 1483 1336 indivi-

308 1370 443 1442 duorum,
456 1367 564 1446 quibus
584 1369 759 1445 imperabat,
773 1369 969 1444 processisse?
992 1365 1178 1430 Potuissetne
1192 1367 1243 1430 illa
1264 1367 1440 1443 multitudo,
1452 1371 1481 1431 in

307 1481 396 1544 quam
422 1464 563 1542 paulatim
588 1465 699 1527 familia
723 1465 864 1527 Abrahae
889 1481 920 1527 se
946 1464 1155 1542 explicaverat,
1176 1466 1359 1543 superiorem
1386 1466 1493 1528 alium·

307 1560 445 1641 deligere,
466 1563 516 1625 oui
536 1563 706 1639 patriarcba
731 1563 796 1640 ipse
825 1562 1037 1625 subiiceretur?
1058 1561 1094 1626 ld
1113 1562 1230 1625 nonnisi
1252 1565 1483 1643 incongruenter

307 1661 510 1724 sustineretur.
521 1657 572 1722 lus
586 1660 678 1738 igitur
692 1660 888 1723 domesticum
900 1659 1049 1733 Abrabae,
1063 1662 1263 1724 crescentibus
1276 1663 1411 1736 familiis,
1427 1663 1481 1739 vel,

309 1759 400 1828 utait
414 1755 531 1831 Suarez,
545 1766 694 1820 crescente
709 1758 826 1835 populo,
839 1766 991 1825 extensum
1004 1758 1110 1821 inisset
1124 1760 1161 1822 ad
1175 1761 1382 1838 imperandum
1394 1762 1434 1824 iis
1450 1771 1484 1824 ut

308 1856 558 1931 civibus-quibus
578 1856 636 1917 iam
658 1863 692 1917 ut
711 1856 868 1934 nepotibus
888 1857 935 1918 vel
955 1857 1074 1919 famulis
1095 1858 1272 1934 imperabat.

349 1951 487 2016 Ceterum
501 1953 526 2013 si
542 1953 590 2014 cui
603 1954 700 2030 magis
721 1953 832 2016 arridet
846 1951 995 2016 Sententia
1009 1953 1151 2030 Suaresii;
1167 1956 1195 2018 is
1210 1964 1289 2019 certe
1305 1957 1480 2035 reprebendi
1563 1942 1564 1951 ’

309 2065 368 2112 uon
388 2056 495 2127 potest,
516 2065 583 2112 oum
606 2065 657 2127 pro
676 2065 707 2112 se
728 2051 933 2114 auctoritatem
962 2069 1018 2114 non
1043 2054 1130 2116 modo
1155 2056 1231 2116 tanti
1252 2054 1395 2134 Doctoris,
1422 2055 1479 2117 sed

310 2149 401 2211 etiam
422 2146 592 2210 Bellarmiui
612 2157 642 2210 et
662 2147 786 2211 aliorum
809 2151 1021 2228 praestantium
1044 2151 1247 2231 theologorum
1268 2154 1382 2216 babeat.

764 2426 934 2490 Anarcuuus
956 2425 1022 2492 Vll.

632 2557 682 2622 De
701 2557 833 2621 dioeces
854 2560 1015 2640 regiminis
1035 2559 1158 2638 formis.

352 2735 401 2800 dt.
424 2734 498 2818 Quid
518 2735 621 2804 forma
642 2733 807 2821 regiminis.
830 2736 1007 2802 Societatem
1031 2738 1147 2801 duobus
1169 2737 1321 2800 elementis
1346 2747 1486 2801 constare

313 2833 454 2911 diximus,
476 2836 661 2900 multitudine
682 2844 712 2899 et
731 2838 917 2899 auctoritate.
943 2835 1112 2908 Multitudo,
1139 2843 1286 2915 quatenus
1312 2836 1484 2898 auctoritati

314 2931 481 3006 subiicitur,
501 2949 518 2994 a
538 2951 597 3012 qua
620 2935 847 3012 congruentibus
868 2934 973 2996 mediis
994 2933 1032 2996 ad
1053 2935 1141 2995 linem
1165 2934 1317 3012 dirigenda
1337 2943 1396 3012 est,
1415 2937 1488 2996 snb-
1565 2932 1566 2971 ³

315 3029 395 3092 ditos
406 3031 532 3093 exbibet.
548 3031 721 3094 Auctoritas
737 3048 813 3110 vero,
828 3040 973 3110 quatenus
984 3039 1120 3094 concrete
1130 3032 1296 3118 coneipitur
1309 3033 1340 3095 in
1350 3033 1487 3096 subiecto

315 3127 425 3206 aliquo,
446 3128 524 3206 quod
545 3129 638 3207 ipsam
659 3131 788 3209 legitime
816 3131 972 3226 possidgat,
994 3129 1177 3206 superiorem
1206 3132 1357 3207 efformat3
1383 3133 1437 3209 qui
1462 3132 1488 3191 si

315 3227 345 3288 in
368 3225 487 3304 politico
506 3226 607 3288 ordine
627 3227 746 3289 minime
767 3229 873 3305 pendet
894 3228 932 3289 ab
951 3228 1019 3300 alio,
1040 3228 1092 3290 sed
1117 3227 1235 3307 legibus
1256 3246 1275 3290 a
1295 3244 1327 3291 se
1349 3228 1418 3291 latis
1440 3246 1491 3292 so-

316 3325 452 3386 cietatem
475 3325 630 3401 gubernat,
652 3340 808 3402 supremus
822 3327 970 3402 imperans
983 3334 1177 3403 nuncupatur.
1194 3324 1291 3388 Ceteri
1309 3333 1419 3402 autem,
1435 3327 1489 3405 qui

316 3428 462 3500 potestate
483 3421 699 3483 communicata
721 3431 750 3484 et
771 3424 828 3486 sub
849 3421 964 3486 altioris
985 3423 1108 3486 rectoris
1129 3423 1253 3501 imperio
1273 3423 1489 3502 rempublicam

317 3528 432 3598 regunt,
452 3518 621 3581 administri
643 3519 687 3581 vel
709 3520 901 3598 magistratus
922 3521 967 3583 vel
988 3521 1132 3584 officiales
1153 3521 1351 3585 nominantur.

357 3614 403 3679 Ex
424 3631 484 3695 quo
498 3617 604 3678 interes
619 3617 786 3679 societatem
803 3618 919 3696 corpori
932 3618 1102 3692 assimilari,
1118 3620 1202 3681 cuius
1217 3618 1335 3682 diversa
1355 3622 1489 3683 membra

317 3714 475 3777 asubditis
491 3722 754 3794 repraesentantur,
769 3724 859 3793 caput
874 3723 973 3779 antem
988 3733 1005 3778 a
1021 3716 1172 3794 superiore
1183 3717 1384 3780 constituitur.
1397 3716 1491 3781 Porro

319 3812 450 3889 superior
472 3829 524 3875 nec
546 3814 609 3876 solo
631 3813 764 3876 subiecto
784 3830 837 3877 uec
860 3814 920 3878 sola
942 3816 1117 3878 auctoritate
1137 3824 1264 3890 constat,
1289 3817 1342 3878 scd
1365 3824 1491 3896 utroque
1565 3826 1566 3831 ’

320 3909 514 3986 componitur,
527 3918 671 3988 quatenus
686 3911 852 3973 subiectum
864 3912 983 3975 exbibet
998 3913 1176 3977 auctoritate
1190 3915 1390 3979 informatum.
1406 3913 1492 3988 Quae
1565 3958 1566 3963 κ

320 4000 380 4062 dun
399 4013 536 4069 accurate
551 4007 692 4087 distingui
706 4007 835 4071 debent
826 4019 903 4071 tuter
924 4025 963 4072 se.
979 4007 1010 4072 Si
1031 4011 1108 4072 enim
1124 4012 1290 4075 subiectum
1307 4029 1358 4092 per
1372 4029 1414 4087 se,
1435 4029 1489 4075 seu

322 4106 408 4174 prout
428 4100 577 4165 individua
598 4105 741 4181 quaedam
763 4121 889 4184 persona
903 4113 957 4181 est,
972 4108 1188 4184 consideratum
1204 4108 1308 4187 proonl
1327 4111 1428 4185 dubio,
1441 4126 1494 4174 ce-
1565 4092 1566 4149 ss

319 4193 392 4256 teris
401 4196 567 4260 bominibus
581 4201 699 4264 minime
712 4210 852 4280 praestat,
868 4204 920 4266 sed
934 4204 1040 4267 iisdem
1054 4206 1160 4269 officiis
1175 4213 1203 4269 et
1215 4205 1333 4272 iuribus
1346 4207 1492 4281 allicitur,

369 4333 524 4397 litassent.
509 4337 625 4393 Fidei,
643 4337 656 4388 Ι.
673 4338 696 4398 3,
712 4354 732 4388 o
749 4340 771 4399 2,
787 4342 856 4396 sto.
