<?xml version="1.0" encoding="UTF-8"?>
<!DOCTYPE html PUBLIC "-//W3C//DTD XHTML 1.0 Transitional//EN"
    "http://www.w3.org/TR/xhtml1/DTD/xhtml1-transitional.dtd">
<html xmlns="http://www.w3.org/1999/xhtml" xml:lang="en" lang="en">
 <head>
  <title>
</title>
<meta http-equiv="Content-Type" content="text/html;charset=utf-8" />
  <meta name='ocr-system' content='tesseract 3.04.00' />
  <meta name='ocr-capabilities' content='ocr_page ocr_carea ocr_par ocr_line ocrx_word'/>
</head>
<body>
  <div class='ocr_page' id='page_1' title='image "./institutioneset00libegoog_0362.png"; bbox 0 0 3159 4934; ppageno 0'>
   <div class='ocr_carea' id='block_1_1' title="bbox 305 306 1275 364">
    <p class='ocr_par' dir='ltr' id='par_1_1' title="bbox 305 306 1275 364">
     <span class='ocr_line' id='line_1_1' title="bbox 305 306 1275 364; baseline 0.001 -3"><span class='ocrx_word' id='word_1_1' title='bbox 305 319 390 362; x_wconf 84' lang='lat' dir='ltr'><strong>carun</strong></span> <span class='ocrx_word' id='word_1_2' title='bbox 408 320 433 361; x_wconf 93' lang='lat' dir='ltr'><strong>n.</strong></span> <span class='ocrx_word' id='word_1_3' title='bbox 452 319 486 360; x_wconf 87' lang='lat' dir='ltr'><strong>nu</strong></span> <span class='ocrx_word' id='word_1_4' title='bbox 504 317 692 362; x_wconf 77' lang='lat' dir='ltr'><strong>nmnrronruus</strong></span> <span class='ocrx_word' id='word_1_5' title='bbox 709 319 845 363; x_wconf 83' lang='lat' dir='ltr'><strong>nanonuu</strong></span> <span class='ocrx_word' id='word_1_6' title='bbox 863 323 891 363; x_wconf 85' lang='lat' dir='ltr'><strong>nu</strong></span> <span class='ocrx_word' id='word_1_7' title='bbox 908 318 992 364; x_wconf 81' lang='lat' dir='ltr'><strong>srnru</strong></span> <span class='ocrx_word' id='word_1_8' title='bbox 1009 322 1084 363; x_wconf 82' lang='lat' dir='ltr'><strong>suunt</strong></span> <span class='ocrx_word' id='word_1_9' title='bbox 1223 306 1275 363; x_wconf 76' lang='lat'><strong>357</strong></span> 
     </span>
    </p>
   </div>
   <div class='ocr_carea' id='block_1_2' title="bbox 88 429 1274 4341">
    <p class='ocr_par' dir='ltr' id='par_1_2' title="bbox 104 429 1274 1488">
     <span class='ocr_line' id='line_1_2' title="bbox 106 429 1274 517; baseline 0 -24"><span class='ocrx_word' id='word_1_10' title='bbox 106 429 217 510; x_wconf 91' lang='lat' dir='ltr'><strong>quibus</strong></span> <span class='ocrx_word' id='word_1_11' title='bbox 240 431 428 510; x_wconf 91' lang='lat' dir='ltr'><strong>praeliantur,</strong></span> <span class='ocrx_word' id='word_1_12' title='bbox 450 447 558 500; x_wconf 85' lang='lat' dir='ltr'><strong>veneno</strong></span> <span class='ocrx_word' id='word_1_13' title='bbox 579 432 707 506; x_wconf 90' lang='lat' dir='ltr'><strong>inficere,</strong></span> <span class='ocrx_word' id='word_1_14' title='bbox 730 432 911 510; x_wconf 77' lang='lat' dir='ltr'><strong>pestilentias</strong></span> <span class='ocrx_word' id='word_1_15' title='bbox 932 448 1114 517; x_wconf 81' lang='lat' dir='ltr'><strong>promovere,</strong></span> <span class='ocrx_word' id='word_1_16' title='bbox 1135 439 1187 493; x_wconf 91' lang='lat' dir='ltr'><strong>aut</strong></span> <span class='ocrx_word' id='word_1_17' title='bbox 1216 432 1274 494; x_wconf 91' lang='lat' dir='ltr'><strong>alia</strong></span> 
     </span>
     <span class='ocr_line' id='line_1_3' title="bbox 110 501 1273 625; baseline -0.001 -35"><span class='ocrx_word' id='word_1_18' title='bbox 110 529 187 592; x_wconf 89' lang='lat' dir='ltr'><strong>mala</strong></span> <span class='ocrx_word' id='word_1_19' title='bbox 202 545 375 625; x_wconf 55' lang='lat' dir='ltr'><strong>-PQQ</strong></span> <span class='ocrx_word' id='word_1_20' title='bbox 397 545 473 608; x_wconf 90' lang='lat' dir='ltr'><strong>quae</strong></span> <span class='ocrx_word' id='word_1_21' title='bbox 495 501 701 608; x_wconf 55' lang='lat' dir='ltr'><strong>pldnffiaut</strong></span> <span class='ocrx_word' id='word_1_22' title='bbox 722 529 789 608; x_wconf 94' lang='lat' dir='ltr'><strong>plus</strong></span> <span class='ocrx_word' id='word_1_23' title='bbox 810 512 1195 617; x_wconf 55' lang='lat' dir='ltr'><strong>rrocedfit&#39;squ&#39;annnecesse</strong></span> <span class='ocrx_word' id='word_1_24' title='bbox 1224 530 1273 591; x_wconf 89' lang='lat' dir='ltr'><strong>sit.</strong></span> 
     </span>
     <span class='ocr_line' id='line_1_4' title="bbox 105 614 1273 719; baseline 0 -30"><span class='ocrx_word' id='word_1_25' title='bbox 105 626 297 699; x_wconf 83' lang='lat' dir='ltr'><strong>Potissimum</strong></span> <span class='ocrx_word' id='word_1_26' title='bbox 312 618 380 689; x_wconf 83' lang='lat' dir='ltr'><strong>ve&#39;ro</strong></span> <span class='ocrx_word' id='word_1_27' title='bbox 394 627 563 705; x_wconf 79' lang='lat' dir='ltr'>requiritur,</span> <span class='ocrx_word' id='word_1_28' title='bbox 578 614 1201 719; x_wconf 54' lang='grc'><strong>1111111111111111111111111111111111,</strong></span> <span class='ocrx_word' id='word_1_29' title='bbox 1219 642 1273 689; x_wconf 91' lang='lat' dir='ltr'><strong>nec</strong></span> 
     </span>
     <span class='ocr_line' id='line_1_5' title="bbox 106 711 1272 803; baseline -0.002 -17"><span class='ocrx_word' id='word_1_30' title='bbox 106 724 146 786; x_wconf 91' lang='lat' dir='ltr'><strong>ad</strong></span> <span class='ocrx_word' id='word_1_31' title='bbox 166 739 229 786; x_wconf 89' lang='lat' dir='ltr'><strong>eam</strong></span> <span class='ocrx_word' id='word_1_32' title='bbox 251 725 425 802; x_wconf 90' lang='lat' dir='ltr'><strong>poscendam</strong></span> <span class='ocrx_word' id='word_1_33' title='bbox 441 724 680 803; x_wconf 87' lang='lat' dir='ltr'><strong>aditusuuquam</strong></span> <span class='ocrx_word' id='word_1_34' title='bbox 697 711 1075 799; x_wconf 50' lang='lat' dir='ltr'><strong>hostibuUmTe&#39;reludatum</strong></span> <span class='ocrx_word' id='word_1_35' title='bbox 1099 724 1149 786; x_wconf 92' lang='lat' dir='ltr'><strong>sed</strong></span> <span class='ocrx_word' id='word_1_36' title='bbox 1174 724 1272 803; x_wconf 88' lang='lat' dir='ltr'><strong>potius</strong></span> 
     </span>
     <span class='ocr_line' id='line_1_6' title="bbox 104 819 1273 900; baseline 0.002 -19"><span class='ocrx_word' id='word_1_37' title='bbox 104 821 147 882; x_wconf 89' lang='lat' dir='ltr'><strong>ad</strong></span> <span class='ocrx_word' id='word_1_38' title='bbox 165 837 229 883; x_wconf 93' lang='lat' dir='ltr'><strong>eam</strong></span> <span class='ocrx_word' id='word_1_39' title='bbox 256 823 359 900; x_wconf 84' lang='lat' dir='ltr'><strong>aequis</strong></span> <span class='ocrx_word' id='word_1_40' title='bbox 384 822 499 900; x_wconf 83' lang='lat' dir='ltr'><strong>legibus</strong></span> <span class='ocrx_word' id='word_1_41' title='bbox 527 822 739 885; x_wconf 78' lang='lat' dir='ltr'><strong>concedendam</strong></span> <span class='ocrx_word' id='word_1_42' title='bbox 769 838 801 885; x_wconf 94' lang='lat' dir='ltr'><strong>se</strong></span> <span class='ocrx_word' id='word_1_43' title='bbox 828 821 942 885; x_wconf 91' lang='lat' dir='ltr'><strong>facilem</strong></span> <span class='ocrx_word' id='word_1_44' title='bbox 972 821 1097 885; x_wconf 82' lang='lat' dir='ltr'><strong>bellator</strong></span> <span class='ocrx_word' id='word_1_45' title='bbox 1124 819 1273 894; x_wconf 90' lang='lat' dir='ltr'><strong>ostendat,</strong></span> 
     </span>
     <span class='ocr_line' id='line_1_7' title="bbox 105 918 1272 999; baseline 0.002 -20"><span class='ocrx_word' id='word_1_46' title='bbox 105 918 350 998; x_wconf 84' lang='lat' dir='ltr'><strong>quotiescumque</strong></span> <span class='ocrx_word' id='word_1_47' title='bbox 377 935 434 982; x_wconf 91' lang='lat' dir='ltr'><strong>non</strong></span> <span class='ocrx_word' id='word_1_48' title='bbox 463 935 515 998; x_wconf 87' lang='lat' dir='ltr'><strong>per</strong></span> <span class='ocrx_word' id='word_1_49' title='bbox 535 920 635 983; x_wconf 92' lang='lat' dir='ltr'><strong>dolum</strong></span> <span class='ocrx_word' id='word_1_50' title='bbox 664 927 752 998; x_wconf 88' lang='lat' dir='ltr'><strong>atque</strong></span> <span class='ocrx_word' id='word_1_51' title='bbox 779 920 902 982; x_wconf 91' lang='lat' dir='ltr'><strong>insidias</strong></span> <span class='ocrx_word' id='word_1_52' title='bbox 925 920 1042 999; x_wconf 90' lang='lat' dir='ltr'><strong>petitur,</strong></span> <span class='ocrx_word' id='word_1_53' title='bbox 1065 928 1094 981; x_wconf 94' lang='lat' dir='ltr'><strong>et</strong></span> <span class='ocrx_word' id='word_1_54' title='bbox 1123 919 1272 982; x_wconf 86' lang='lat' dir='ltr'><strong>sufficiens</strong></span> 
     </span>
     <span class='ocr_line' id='line_1_8' title="bbox 108 1013 1271 1103; baseline 0 -26"><span class='ocrx_word' id='word_1_55' title='bbox 108 1014 270 1079; x_wconf 83' lang='lat' dir='ltr'><strong>satisfactio</strong></span> <span class='ocrx_word' id='word_1_56' title='bbox 289 1017 473 1079; x_wconf 85' lang='lat' dir='ltr'><strong>exhibeatur.</strong></span> <span class='ocrx_word' id='word_1_57' title='bbox 493 1013 569 1079; x_wconf 83' lang='lat' dir='ltr'><strong>&#39;lum</strong></span> <span class='ocrx_word' id='word_1_58' title='bbox 591 1016 679 1079; x_wconf 90' lang='lat' dir='ltr'><strong>etiam</strong></span> <span class='ocrx_word' id='word_1_59' title='bbox 701 1033 774 1095; x_wconf 90' lang='lat' dir='ltr'><strong>opus</strong></span> <span class='ocrx_word' id='word_1_60' title='bbox 790 1025 837 1080; x_wconf 90' lang='lat' dir='ltr'><strong>est</strong></span> <span class='ocrx_word' id='word_1_61' title='bbox 858 1025 891 1080; x_wconf 92' lang='lat' dir='ltr'><strong>ut</strong></span> <span class='ocrx_word' id='word_1_62' title='bbox 913 1018 1105 1103; x_wconf 24' lang='lat' dir='ltr'><strong>fides-quoad</strong></span> <span class='ocrx_word' id='word_1_63' title='bbox 1126 1017 1271 1091; x_wconf 85' lang='lat' dir='ltr'><strong>inducias,</strong></span> 
     </span>
     <span class='ocr_line' id='line_1_9' title="bbox 104 1112 1271 1196; baseline 0.002 -19"><span class='ocrx_word' id='word_1_64' title='bbox 104 1116 297 1179; x_wconf 87' lang='lat' dir='ltr'><strong>cessationem</strong></span> <span class='ocrx_word' id='word_1_65' title='bbox 319 1130 480 1191; x_wconf 89' lang='lat' dir='ltr'><strong>armorum,</strong></span> <span class='ocrx_word' id='word_1_66' title='bbox 494 1124 547 1179; x_wconf 91' lang='lat' dir='ltr'><strong>ant</strong></span> <span class='ocrx_word' id='word_1_67' title='bbox 567 1117 625 1179; x_wconf 94' lang='lat' dir='ltr'><strong>alia</strong></span> <span class='ocrx_word' id='word_1_68' title='bbox 648 1125 745 1195; x_wconf 91' lang='lat' dir='ltr'><strong>pacta,</strong></span> <span class='ocrx_word' id='word_1_69' title='bbox 760 1112 837 1196; x_wconf 84' lang='lat' dir='ltr'><strong>quae</strong></span> <span class='ocrx_word' id='word_1_70' title='bbox 855 1117 930 1179; x_wconf 92' lang='lat' dir='ltr'><strong>forte</strong></span> <span class='ocrx_word' id='word_1_71' title='bbox 953 1116 1155 1193; x_wconf 87' lang='lat' dir='ltr'><strong>interveniant,</strong></span> <span class='ocrx_word' id='word_1_72' title='bbox 1171 1124 1271 1181; x_wconf 90' lang='lat' dir='ltr'><strong>sancte</strong></span> 
     </span>
     <span class='ocr_line' id='line_1_10' title="bbox 105 1213 1273 1294; baseline 0.001 -20"><span class='ocrx_word' id='word_1_73' title='bbox 105 1222 302 1293; x_wconf 87' lang='lat' dir='ltr'><strong>accurateque</strong></span> <span class='ocrx_word' id='word_1_74' title='bbox 323 1221 469 1289; x_wconf 82' lang='lat' dir='ltr'><strong>servetur3</strong></span> <span class='ocrx_word' id='word_1_75' title='bbox 484 1230 537 1278; x_wconf 92' lang='lat' dir='ltr'><strong>nec</strong></span> <span class='ocrx_word' id='word_1_76' title='bbox 558 1216 721 1294; x_wconf 86' lang='lat' dir='ltr'><strong>mendacia,</strong></span> <span class='ocrx_word' id='word_1_77' title='bbox 739 1222 791 1277; x_wconf 88' lang='lat' dir='ltr'><strong>ant</strong></span> <span class='ocrx_word' id='word_1_78' title='bbox 812 1214 929 1278; x_wconf 89' lang='lat' dir='ltr'><strong>dolosae</strong></span> <span class='ocrx_word' id='word_1_79' title='bbox 944 1223 1034 1288; x_wconf 92' lang='lat' dir='ltr'><strong>artes,</strong></span> <span class='ocrx_word' id='word_1_80' title='bbox 1050 1213 1219 1278; x_wconf 87' lang='lat' dir='ltr'><strong>sollicitatio</strong></span> <span class='ocrx_word' id='word_1_81' title='bbox 1234 1214 1273 1275; x_wconf 92' lang='lat' dir='ltr'><strong>ad</strong></span> 
     </span>
     <span class='ocr_line' id='line_1_11' title="bbox 105 1310 1272 1392; baseline -0.002 -19"><span class='ocrx_word' id='word_1_82' title='bbox 105 1311 293 1376; x_wconf 85' lang='lat' dir='ltr'><strong>rebellionem</strong></span> <span class='ocrx_word' id='word_1_83' title='bbox 309 1314 353 1375; x_wconf 90' lang='lat' dir='ltr'><strong>vel</strong></span> <span class='ocrx_word' id='word_1_84' title='bbox 369 1314 561 1392; x_wconf 84' lang='lat' dir='ltr'><strong>proditionem</strong></span> <span class='ocrx_word' id='word_1_85' title='bbox 583 1320 636 1375; x_wconf 90' lang='lat' dir='ltr'><strong>aut</strong></span> <span class='ocrx_word' id='word_1_86' title='bbox 653 1313 806 1392; x_wconf 83' lang='lat' dir='ltr'><strong>quidpiam</strong></span> <span class='ocrx_word' id='word_1_87' title='bbox 822 1312 902 1374; x_wconf 92' lang='lat' dir='ltr'><strong>aliud</strong></span> <span class='ocrx_word' id='word_1_88' title='bbox 916 1311 1071 1375; x_wconf 82' lang='lat' dir='ltr'><strong>voracitati</strong></span> <span class='ocrx_word' id='word_1_89' title='bbox 1087 1327 1121 1374; x_wconf 89' lang='lat' dir='ltr'><strong>ac</strong></span> <span class='ocrx_word' id='word_1_90' title='bbox 1136 1310 1272 1374; x_wconf 75' lang='lat' dir='ltr'><strong>fidelitati</strong></span> 
     </span>
     <span class='ocr_line' id='line_1_12' title="bbox 105 1411 478 1488; baseline 0.005 -17"><span class='ocrx_word' id='word_1_91' title='bbox 105 1424 273 1488; x_wconf 82' lang='lat' dir='ltr'><strong>repugnans</strong></span> <span class='ocrx_word' id='word_1_92' title='bbox 293 1411 478 1473; x_wconf 89' lang='lat' dir='ltr'><strong>admittatur.</strong></span> 
     </span>
    </p>

    <p class='ocr_par' dir='ltr' id='par_1_3' title="bbox 103 1505 1272 1783">
     <span class='ocr_line' id='line_1_13' title="bbox 146 1505 1272 1588; baseline -0.004 -17"><span class='ocrx_word' id='word_1_93' title='bbox 146 1505 181 1571; x_wconf 89' lang='lat' dir='ltr'><strong>ld</strong></span> <span class='ocrx_word' id='word_1_94' title='bbox 200 1523 269 1571; x_wconf 92' lang='lat' dir='ltr'><strong>vero</strong></span> <span class='ocrx_word' id='word_1_95' title='bbox 288 1524 344 1571; x_wconf 93' lang='lat' dir='ltr'><strong>non</strong></span> <span class='ocrx_word' id='word_1_96' title='bbox 365 1508 502 1588; x_wconf 87' lang='lat' dir='ltr'><strong>probibet</strong></span> <span class='ocrx_word' id='word_1_97' title='bbox 521 1509 678 1586; x_wconf 90' lang='lat' dir='ltr'><strong>quominus</strong></span> <span class='ocrx_word' id='word_1_98' title='bbox 698 1508 832 1583; x_wconf 87' lang='lat' dir='ltr'><strong>insidiae,</strong></span> <span class='ocrx_word' id='word_1_99' title='bbox 854 1514 890 1569; x_wconf 94' lang='lat' dir='ltr'><strong>ut</strong></span> <span class='ocrx_word' id='word_1_100' title='bbox 917 1507 1113 1586; x_wconf 87' lang='lat' dir='ltr'><strong>appellantur,</strong></span> <span class='ocrx_word' id='word_1_101' title='bbox 1134 1506 1272 1570; x_wconf 90' lang='lat' dir='ltr'><strong>hostibus</strong></span> 
     </span>
     <span class='ocr_line' id='line_1_14' title="bbox 105 1602 1271 1685; baseline -0.002 -17"><span class='ocrx_word' id='word_1_102' title='bbox 105 1606 204 1684; x_wconf 90' lang='lat' dir='ltr'><strong>parari</strong></span> <span class='ocrx_word' id='word_1_103' title='bbox 227 1607 350 1685; x_wconf 91' lang='lat' dir='ltr'><strong>possint,</strong></span> <span class='ocrx_word' id='word_1_104' title='bbox 365 1615 417 1668; x_wconf 89' lang='lat' dir='ltr'><strong>aut</strong></span> <span class='ocrx_word' id='word_1_105' title='bbox 437 1613 551 1671; x_wconf 90' lang='lat' dir='ltr'><strong>ceterae</strong></span> <span class='ocrx_word' id='word_1_106' title='bbox 568 1606 769 1669; x_wconf 89' lang='lat' dir='ltr'><strong>simulationes</strong></span> <span class='ocrx_word' id='word_1_107' title='bbox 785 1606 960 1684; x_wconf 81' lang='lat' dir='ltr'><strong>strategicae</strong></span> <span class='ocrx_word' id='word_1_108' title='bbox 975 1602 1271 1685; x_wconf 80' lang='lat' dir='ltr'><strong>(sfrafapcmmafa)</strong></span> 
     </span>
     <span class='ocr_line' id='line_1_15' title="bbox 103 1700 1266 1783; baseline -0.003 -18"><span class='ocrx_word' id='word_1_109' title='bbox 103 1703 152 1767; x_wconf 92' lang='lat' dir='ltr'><strong>vel</strong></span> <span class='ocrx_word' id='word_1_110' title='bbox 162 1705 357 1782; x_wconf 90' lang='lat' dir='ltr'><strong>repraesaliae</strong></span> <span class='ocrx_word' id='word_1_111' title='bbox 368 1704 513 1777; x_wconf 84' lang='lat' dir='ltr'><strong>adhiberi,</strong></span> <span class='ocrx_word' id='word_1_112' title='bbox 524 1713 599 1783; x_wconf 86' lang='lat' dir='ltr'><strong>quas</strong></span> <span class='ocrx_word' id='word_1_113' title='bbox 613 1704 758 1766; x_wconf 90' lang='lat' dir='ltr'><strong>culturam</strong></span> <span class='ocrx_word' id='word_1_114' title='bbox 773 1704 905 1782; x_wconf 81' lang='lat' dir='ltr'><strong>gentium</strong></span> <span class='ocrx_word' id='word_1_115' title='bbox 920 1702 1098 1766; x_wconf 90' lang='lat' dir='ltr'><strong>consuetudo</strong></span> <span class='ocrx_word' id='word_1_116' title='bbox 1112 1700 1266 1780; x_wconf 87' lang='lat' dir='ltr'><strong>permittit.</strong></span> 
     </span>
    </p>

    <p class='ocr_par' dir='ltr' id='par_1_4' title="bbox 88 1777 1271 2960">
     <span class='ocr_line' id='line_1_16' title="bbox 145 1777 1271 1910; baseline -0.003 -46"><span class='ocrx_word' id='word_1_117' title='bbox 145 1797 194 1864; x_wconf 73' lang='lat'><strong>29.</strong></span> <span class='ocrx_word' id='word_1_118' title='bbox 218 1777 290 1910; x_wconf 55' lang='lat' dir='ltr'><strong>Pq‘sl</strong></span> <span class='ocrx_word' id='word_1_119' title='bbox 311 1797 480 1868; x_wconf 80' lang='lat' dir='ltr'><strong>victoriana.</strong></span> <span class='ocrx_word' id='word_1_120' title='bbox 502 1802 558 1866; x_wconf 83' lang='lat' dir='ltr'><strong>Est</strong></span> <span class='ocrx_word' id='word_1_121' title='bbox 580 1801 703 1865; x_wconf 90' lang='lat' dir='ltr'><strong>victoria</strong></span> <span class='ocrx_word' id='word_1_122' title='bbox 725 1802 824 1879; x_wconf 84' lang='lat' dir='ltr'><strong>exitus</strong></span> <span class='ocrx_word' id='word_1_123' title='bbox 845 1802 913 1876; x_wconf 83' lang='lat' dir='ltr'><strong>felix</strong></span> <span class='ocrx_word' id='word_1_124' title='bbox 935 1800 1013 1879; x_wconf 89' lang='lat' dir='ltr'><strong>belli,</strong></span> <span class='ocrx_word' id='word_1_125' title='bbox 1034 1816 1093 1879; x_wconf 94' lang='lat' dir='ltr'><strong>quo</strong></span> <span class='ocrx_word' id='word_1_126' title='bbox 1121 1816 1179 1861; x_wconf 94' lang='lat' dir='ltr'><strong>una</strong></span> <span class='ocrx_word' id='word_1_127' title='bbox 1202 1814 1271 1877; x_wconf 89' lang='lat' dir='ltr'><strong>pars</strong></span> 
     </span>
     <span class='ocr_line' id='line_1_17' title="bbox 103 1899 1270 1977; baseline -0.001 -17"><span class='ocrx_word' id='word_1_128' title='bbox 103 1902 297 1977; x_wconf 77' lang='lat' dir='ltr'><strong>pugnantium</strong></span> <span class='ocrx_word' id='word_1_129' title='bbox 320 1900 441 1963; x_wconf 90' lang='lat' dir='ltr'><strong>alteram</strong></span> <span class='ocrx_word' id='word_1_130' title='bbox 456 1901 500 1963; x_wconf 91' lang='lat' dir='ltr'><strong>sie</strong></span> <span class='ocrx_word' id='word_1_131' title='bbox 522 1909 653 1977; x_wconf 90' lang='lat' dir='ltr'><strong>superat,</strong></span> <span class='ocrx_word' id='word_1_132' title='bbox 667 1908 700 1963; x_wconf 92' lang='lat' dir='ltr'><strong>ut</strong></span> <span class='ocrx_word' id='word_1_133' title='bbox 714 1900 752 1962; x_wconf 91' lang='lat' dir='ltr'><strong>ad</strong></span> <span class='ocrx_word' id='word_1_134' title='bbox 773 1900 969 1963; x_wconf 88' lang='lat' dir='ltr'><strong>resistendum</strong></span> <span class='ocrx_word' id='word_1_135' title='bbox 989 1899 1129 1975; x_wconf 91' lang='lat' dir='ltr'><strong>impotem</strong></span> <span class='ocrx_word' id='word_1_136' title='bbox 1150 1913 1270 1976; x_wconf 93' lang='lat' dir='ltr'><strong>prorsus</strong></span> 
     </span>
     <span class='ocr_line' id='line_1_18' title="bbox 99 1994 1270 2075; baseline -0.002 -16"><span class='ocrx_word' id='word_1_137' title='bbox 99 1997 223 2059; x_wconf 87' lang='lat' dir='ltr'><strong>efficiat.</strong></span> <span class='ocrx_word' id='word_1_138' title='bbox 244 1994 310 2060; x_wconf 90' lang='lat' dir='ltr'><strong>Hac</strong></span> <span class='ocrx_word' id='word_1_139' title='bbox 332 2006 426 2075; x_wconf 87' lang='lat' dir='ltr'><strong>parta,</strong></span> <span class='ocrx_word' id='word_1_140' title='bbox 447 1998 601 2061; x_wconf 90' lang='lat' dir='ltr'><strong>violentiae</strong></span> <span class='ocrx_word' id='word_1_141' title='bbox 621 1998 746 2061; x_wconf 81' lang='lat' dir='ltr'><strong>facultas</strong></span> <span class='ocrx_word' id='word_1_142' title='bbox 769 1996 865 2060; x_wconf 90' lang='lat' dir='ltr'><strong>omnis</strong></span> <span class='ocrx_word' id='word_1_143' title='bbox 894 1998 923 2059; x_wconf 94' lang='lat' dir='ltr'><strong>in</strong></span> <span class='ocrx_word' id='word_1_144' title='bbox 948 1997 1059 2060; x_wconf 92' lang='lat' dir='ltr'><strong>victore</strong></span> <span class='ocrx_word' id='word_1_145' title='bbox 1080 1997 1270 2075; x_wconf 80' lang='lat' dir='ltr'><strong>extinguitur,</strong></span> 
     </span>
     <span class='ocr_line' id='line_1_19' title="bbox 103 2094 1269 2173; baseline 0.001 -17"><span class='ocrx_word' id='word_1_146' title='bbox 103 2108 158 2156; x_wconf 90' lang='lat' dir='ltr'><strong>nee</strong></span> <span class='ocrx_word' id='word_1_147' title='bbox 177 2094 235 2173; x_wconf 88' lang='lat' dir='ltr'><strong>ipsi</strong></span> <span class='ocrx_word' id='word_1_148' title='bbox 255 2095 333 2158; x_wconf 90' lang='lat' dir='ltr'><strong>aliud</strong></span> <span class='ocrx_word' id='word_1_149' title='bbox 356 2098 505 2173; x_wconf 87' lang='lat' dir='ltr'><strong>competit,</strong></span> <span class='ocrx_word' id='word_1_150' title='bbox 525 2096 583 2157; x_wconf 91' lang='lat' dir='ltr'><strong>uisi</strong></span> <span class='ocrx_word' id='word_1_151' title='bbox 604 2103 637 2156; x_wconf 86' lang='lat' dir='ltr'><strong>ut</strong></span> <span class='ocrx_word' id='word_1_152' title='bbox 658 2103 809 2172; x_wconf 89' lang='lat' dir='ltr'><strong>tamquam</strong></span> <span class='ocrx_word' id='word_1_153' title='bbox 830 2095 917 2156; x_wconf 84' lang='lat' dir='ltr'><strong>iudex</strong></span> <span class='ocrx_word' id='word_1_154' title='bbox 938 2095 1015 2156; x_wconf 91' lang='lat' dir='ltr'><strong>inter</strong></span> <span class='ocrx_word' id='word_1_155' title='bbox 1039 2102 1197 2173; x_wconf 91' lang='lat' dir='ltr'><strong>utramque</strong></span> <span class='ocrx_word' id='word_1_156' title='bbox 1219 2110 1269 2157; x_wconf 89' lang='lat' dir='ltr'><strong>na·</strong></span> 
     </span>
     <span class='ocr_line' id='line_1_20' title="bbox 105 2192 1267 2271; baseline -0.002 -16"><span class='ocrx_word' id='word_1_157' title='bbox 105 2196 212 2255; x_wconf 91' lang='lat' dir='ltr'><strong>tionem</strong></span> <span class='ocrx_word' id='word_1_158' title='bbox 234 2193 375 2267; x_wconf 89' lang='lat' dir='ltr'><strong>considat,</strong></span> <span class='ocrx_word' id='word_1_159' title='bbox 397 2194 435 2255; x_wconf 93' lang='lat' dir='ltr'><strong>ad</strong></span> <span class='ocrx_word' id='word_1_160' title='bbox 456 2194 671 2255; x_wconf 89' lang='lat' dir='ltr'><strong>controversiae</strong></span> <span class='ocrx_word' id='word_1_161' title='bbox 685 2202 784 2271; x_wconf 90' lang='lat' dir='ltr'><strong>partes</strong></span> <span class='ocrx_word' id='word_1_162' title='bbox 806 2192 966 2255; x_wconf 90' lang='lat' dir='ltr'><strong>secundum</strong></span> <span class='ocrx_word' id='word_1_163' title='bbox 988 2192 1118 2253; x_wconf 89' lang='lat' dir='ltr'><strong>iustitiae</strong></span> <span class='ocrx_word' id='word_1_164' title='bbox 1134 2206 1267 2254; x_wconf 90' lang='lat' dir='ltr'><strong>normam</strong></span> 
     </span>
     <span class='ocr_line' id='line_1_21' title="bbox 100 2288 1270 2369; baseline -0.001 -18"><span class='ocrx_word' id='word_1_165' title='bbox 100 2290 319 2354; x_wconf 81' lang='lat' dir='ltr'><strong>diiudicandae.</strong></span> <span class='ocrx_word' id='word_1_166' title='bbox 341 2288 439 2363; x_wconf 81' lang='lat' dir='ltr'><strong>Quare</strong></span> <span class='ocrx_word' id='word_1_167' title='bbox 459 2290 500 2353; x_wconf 92' lang='lat' dir='ltr'><strong>nil</strong></span> <span class='ocrx_word' id='word_1_168' title='bbox 520 2290 600 2353; x_wconf 93' lang='lat' dir='ltr'><strong>aliud</strong></span> <span class='ocrx_word' id='word_1_169' title='bbox 616 2307 633 2352; x_wconf 91' lang='lat' dir='ltr'><strong>a</strong></span> <span class='ocrx_word' id='word_1_170' title='bbox 649 2290 793 2353; x_wconf 93' lang='lat' dir='ltr'><strong>debellata</strong></span> <span class='ocrx_word' id='word_1_171' title='bbox 809 2298 893 2369; x_wconf 78' lang='lat' dir='ltr'><strong>pente</strong></span> <span class='ocrx_word' id='word_1_172' title='bbox 907 2289 1023 2367; x_wconf 76' lang='lat' dir='ltr'><strong>exigere</strong></span> <span class='ocrx_word' id='word_1_173' title='bbox 1045 2295 1151 2366; x_wconf 89' lang='lat' dir='ltr'><strong>potest,</strong></span> <span class='ocrx_word' id='word_1_174' title='bbox 1165 2288 1220 2349; x_wconf 93' lang='lat' dir='ltr'><strong>nisi</strong></span> <span class='ocrx_word' id='word_1_175' title='bbox 1238 2295 1270 2350; x_wconf 95' lang='lat' dir='ltr'><strong>ut</strong></span> 
     </span>
     <span class='ocr_line' id='line_1_22' title="bbox 104 2385 1270 2468; baseline 0 -19"><span class='ocrx_word' id='word_1_176' title='bbox 104 2388 238 2462; x_wconf 92' lang='lat' dir='ltr'><strong>iniuriae,</strong></span> <span class='ocrx_word' id='word_1_177' title='bbox 259 2404 348 2467; x_wconf 87' lang='lat' dir='ltr'><strong>quam</strong></span> <span class='ocrx_word' id='word_1_178' title='bbox 368 2388 477 2468; x_wconf 90' lang='lat' dir='ltr'><strong>intulit,</strong></span> <span class='ocrx_word' id='word_1_179' title='bbox 499 2388 673 2462; x_wconf 89' lang='lat' dir='ltr'><strong>satisfaciat,</strong></span> <span class='ocrx_word' id='word_1_180' title='bbox 687 2388 793 2450; x_wconf 89' lang='lat' dir='ltr'><strong>damna</strong></span> <span class='ocrx_word' id='word_1_181' title='bbox 815 2396 844 2451; x_wconf 93' lang='lat' dir='ltr'><strong>et</strong></span> <span class='ocrx_word' id='word_1_182' title='bbox 865 2389 1012 2466; x_wconf 91' lang='lat' dir='ltr'><strong>impensas</strong></span> <span class='ocrx_word' id='word_1_183' title='bbox 1026 2385 1093 2451; x_wconf 90' lang='lat' dir='ltr'><strong>belli</strong></span> <span class='ocrx_word' id='word_1_184' title='bbox 1114 2393 1270 2460; x_wconf 86' lang='lat' dir='ltr'><strong>restauret,</strong></span> 
     </span>
     <span class='ocr_line' id='line_1_23' title="bbox 103 2474 1269 2565; baseline -0.002 -16"><span class='ocrx_word' id='word_1_185' title='bbox 103 2486 312 2565; x_wconf 81' lang='lat' dir='ltr'><strong>captionesque</strong></span> <span class='ocrx_word' id='word_1_186' title='bbox 332 2487 382 2549; x_wconf 89' lang='lat' dir='ltr'><strong>det</strong></span> <span class='ocrx_word' id='word_1_187' title='bbox 401 2487 431 2549; x_wconf 90' lang='lat' dir='ltr'><strong>in</strong></span> <span class='ocrx_word' id='word_1_188' title='bbox 453 2474 602 2563; x_wconf 80' lang='lat' dir='ltr'><strong>posterum</strong></span> <span class='ocrx_word' id='word_1_189' title='bbox 617 2487 776 2549; x_wconf 89' lang='lat' dir='ltr'><strong>duraturae</strong></span> <span class='ocrx_word' id='word_1_190' title='bbox 795 2487 876 2564; x_wconf 84' lang='lat' dir='ltr'><strong>pacis</strong></span> <span class='ocrx_word' id='word_1_191' title='bbox 897 2494 927 2547; x_wconf 94' lang='lat' dir='ltr'><strong>et</strong></span> <span class='ocrx_word' id='word_1_192' title='bbox 947 2484 1103 2547; x_wconf 90' lang='lat' dir='ltr'><strong>amicitiae.</strong></span> <span class='ocrx_word' id='word_1_193' title='bbox 1120 2482 1222 2547; x_wconf 88' lang='lat' dir='ltr'><strong>Brevi:</strong></span> <span class='ocrx_word' id='word_1_194' title='bbox 1240 2484 1269 2547; x_wconf 93' lang='lat' dir='ltr'><strong>in</strong></span> 
     </span>
     <span class='ocr_line' id='line_1_24' title="bbox 97 2582 1268 2666; baseline -0.003 -17"><span class='ocrx_word' id='word_1_195' title='bbox 97 2586 250 2659; x_wconf 89' lang='lat' dir='ltr'><strong>omuibus,</strong></span> <span class='ocrx_word' id='word_1_196' title='bbox 271 2602 346 2664; x_wconf 89' lang='lat' dir='ltr'><strong>quae</strong></span> <span class='ocrx_word' id='word_1_197' title='bbox 368 2585 462 2648; x_wconf 81' lang='lat' dir='ltr'><strong>vietor</strong></span> <span class='ocrx_word' id='word_1_198' title='bbox 488 2586 559 2666; x_wconf 84' lang='lat' dir='ltr'><strong>agit,</strong></span> <span class='ocrx_word' id='word_1_199' title='bbox 581 2600 697 2663; x_wconf 90' lang='lat' dir='ltr'><strong>semper</strong></span> <span class='ocrx_word' id='word_1_200' title='bbox 725 2600 794 2661; x_wconf 91' lang='lat' dir='ltr'><strong>prae</strong></span> <span class='ocrx_word' id='word_1_201' title='bbox 820 2584 914 2647; x_wconf 91' lang='lat' dir='ltr'><strong>oculis</strong></span> <span class='ocrx_word' id='word_1_202' title='bbox 941 2582 1050 2645; x_wconf 86' lang='lat' dir='ltr'><strong>babere</strong></span> <span class='ocrx_word' id='word_1_203' title='bbox 1076 2582 1163 2645; x_wconf 92' lang='lat' dir='ltr'><strong>debet</strong></span> <span class='ocrx_word' id='word_1_204' title='bbox 1189 2582 1268 2660; x_wconf 81' lang='lat' dir='ltr'><strong>leges</strong></span> 
     </span>
     <span class='ocr_line' id='line_1_25' title="bbox 88 2681 1270 2762; baseline -0.006 -12"><span class='ocrx_word' id='word_1_205' title='bbox 88 2685 234 2750; x_wconf 84' lang='lat' dir='ltr'><strong>iustitiae</strong></span> <span class='ocrx_word' id='word_1_206' title='bbox 254 2692 284 2746; x_wconf 89' lang='lat' dir='ltr'><strong>et</strong></span> <span class='ocrx_word' id='word_1_207' title='bbox 303 2686 470 2762; x_wconf 89' lang='lat' dir='ltr'><strong>aequitatis,</strong></span> <span class='ocrx_word' id='word_1_208' title='bbox 492 2700 545 2747; x_wconf 94' lang='lat' dir='ltr'><strong>nec</strong></span> <span class='ocrx_word' id='word_1_209' title='bbox 566 2682 709 2747; x_wconf 91' lang='lat' dir='ltr'><strong>oblivione</strong></span> <span class='ocrx_word' id='word_1_210' title='bbox 730 2683 796 2760; x_wconf 92' lang='lat' dir='ltr'><strong>capi</strong></span> <span class='ocrx_word' id='word_1_211' title='bbox 818 2681 992 2758; x_wconf 90' lang='lat' dir='ltr'><strong>dilectionis,</strong></span> <span class='ocrx_word' id='word_1_212' title='bbox 1013 2696 1071 2759; x_wconf 91' lang='lat' dir='ltr'><strong>qua</strong></span> <span class='ocrx_word' id='word_1_213' title='bbox 1098 2695 1169 2759; x_wconf 82' lang='lat' dir='ltr'><strong>gens</strong></span> <span class='ocrx_word' id='word_1_214' title='bbox 1189 2681 1270 2759; x_wconf 87' lang='lat' dir='ltr'><strong>genti</strong></span> 
     </span>
     <span class='ocr_line' id='line_1_26' title="bbox 102 2778 1269 2861; baseline -0.003 -17"><span class='ocrx_word' id='word_1_215' title='bbox 102 2779 617 2861; x_wconf 59' lang='lat' dir='ltr'><strong>vlmnmacmsungeuwoaare</strong></span> <span class='ocrx_word' id='word_1_216' title='bbox 637 2798 693 2844; x_wconf 93' lang='lat' dir='ltr'><strong>nou</strong></span> <span class='ocrx_word' id='word_1_217' title='bbox 715 2778 789 2858; x_wconf 66' lang='lat' dir='ltr'><strong>plus‘</strong></span> <span class='ocrx_word' id='word_1_218' title='bbox 804 2783 912 2857; x_wconf 87' lang='lat' dir='ltr'><strong>poenae</strong></span> <span class='ocrx_word' id='word_1_219' title='bbox 930 2780 1020 2843; x_wconf 83' lang='lat' dir='ltr'><strong>ricds</strong></span> <span class='ocrx_word' id='word_1_220' title='bbox 1046 2780 1159 2852; x_wconf 87' lang='lat' dir='ltr'><strong>inferet,</strong></span> <span class='ocrx_word' id='word_1_221' title='bbox 1179 2795 1269 2858; x_wconf 86' lang='lat' dir='ltr'><strong>quarn</strong></span> 
     </span>
     <span class='ocr_line' id='line_1_27' title="bbox 100 2877 1187 2960; baseline -0.005 -15"><span class='ocrx_word' id='word_1_222' title='bbox 100 2882 220 2945; x_wconf 92' lang='lat' dir='ltr'><strong>omnino</strong></span> <span class='ocrx_word' id='word_1_223' title='bbox 241 2882 370 2960; x_wconf 88' lang='lat' dir='ltr'><strong>postulat</strong></span> <span class='ocrx_word' id='word_1_224' title='bbox 390 2882 525 2959; x_wconf 89' lang='lat' dir='ltr'><strong>propriae</strong></span> <span class='ocrx_word' id='word_1_225' title='bbox 547 2881 672 2944; x_wconf 87' lang='lat' dir='ltr'><strong>nationis</strong></span> <span class='ocrx_word' id='word_1_226' title='bbox 691 2881 770 2942; x_wconf 90' lang='lat' dir='ltr'><strong>iusta</strong></span> <span class='ocrx_word' id='word_1_227' title='bbox 791 2880 921 2942; x_wconf 91' lang='lat' dir='ltr'><strong>defensio</strong></span> <span class='ocrx_word' id='word_1_228' title='bbox 941 2887 971 2942; x_wconf 93' lang='lat' dir='ltr'><strong>et</strong></span> <span class='ocrx_word' id='word_1_229' title='bbox 992 2877 1187 2942; x_wconf 88' lang='lat' dir='ltr'><strong>incolumitas.</strong></span> 
     </span>
    </p>

    <p class='ocr_par' dir='ltr' id='par_1_5' title="bbox 93 2976 1269 3841">
     <span class='ocr_line' id='line_1_28' title="bbox 140 2976 1269 3060; baseline -0.005 -17"><span class='ocrx_word' id='word_1_230' title='bbox 140 2978 220 3044; x_wconf 90' lang='lat' dir='ltr'><strong>Hinc</strong></span> <span class='ocrx_word' id='word_1_231' title='bbox 241 2981 340 3060; x_wconf 78' lang='lat' dir='ltr'><strong>regula</strong></span> <span class='ocrx_word' id='word_1_232' title='bbox 362 2979 541 3043; x_wconf 89' lang='lat' dir='ltr'><strong>desumenda</strong></span> <span class='ocrx_word' id='word_1_233' title='bbox 562 2988 609 3041; x_wconf 91' lang='lat' dir='ltr'><strong>est</strong></span> <span class='ocrx_word' id='word_1_234' title='bbox 630 2978 789 3051; x_wconf 89' lang='lat' dir='ltr'><strong>iudicandi,</strong></span> <span class='ocrx_word' id='word_1_235' title='bbox 810 2985 911 3040; x_wconf 92' lang='lat' dir='ltr'><strong>utrum</strong></span> <span class='ocrx_word' id='word_1_236' title='bbox 932 2978 1008 3039; x_wconf 88' lang='lat' dir='ltr'><strong>iuste</strong></span> <span class='ocrx_word' id='word_1_237' title='bbox 1030 2994 1067 3038; x_wconf 88' lang='lat' dir='ltr'><strong>an</strong></span> <span class='ocrx_word' id='word_1_238' title='bbox 1089 2976 1175 3039; x_wconf 87' lang='lat' dir='ltr'><strong>secus</strong></span> <span class='ocrx_word' id='word_1_239' title='bbox 1197 2993 1269 3055; x_wconf 85' lang='lat' dir='ltr'><strong>gens</strong></span> 
     </span>
     <span class='ocr_line' id='line_1_29' title="bbox 99 3074 1269 3156; baseline -0.004 -14"><span class='ocrx_word' id='word_1_240' title='bbox 99 3080 181 3142; x_wconf 89' lang='lat' dir='ltr'><strong>victa</strong></span> <span class='ocrx_word' id='word_1_241' title='bbox 196 3078 315 3155; x_wconf 92' lang='lat' dir='ltr'><strong>propria</strong></span> <span class='ocrx_word' id='word_1_242' title='bbox 329 3076 553 3156; x_wconf 84' lang='lat' dir='ltr'><strong>independentia</strong></span> <span class='ocrx_word' id='word_1_243' title='bbox 575 3077 685 3153; x_wconf 92' lang='lat' dir='ltr'><strong>privari</strong></span> <span class='ocrx_word' id='word_1_244' title='bbox 704 3078 819 3149; x_wconf 84' lang='lat' dir='ltr'><strong>debeat,</strong></span> <span class='ocrx_word' id='word_1_245' title='bbox 834 3090 868 3137; x_wconf 88' lang='lat' dir='ltr'><strong>ac</strong></span> <span class='ocrx_word' id='word_1_246' title='bbox 890 3075 1011 3137; x_wconf 87' lang='lat' dir='ltr'><strong>victoris</strong></span> <span class='ocrx_word' id='word_1_247' title='bbox 1026 3074 1072 3137; x_wconf 92' lang='lat' dir='ltr'><strong>vel</strong></span> <span class='ocrx_word' id='word_1_248' title='bbox 1090 3074 1209 3137; x_wconf 90' lang='lat' dir='ltr'><strong>alterius</strong></span> <span class='ocrx_word' id='word_1_249' title='bbox 1223 3074 1269 3137; x_wconf 94' lang='lat' dir='ltr'><strong>di·</strong></span> 
     </span>
     <span class='ocr_line' id='line_1_30' title="bbox 100 3171 1268 3252; baseline -0.007 -11"><span class='ocrx_word' id='word_1_250' title='bbox 100 3178 178 3241; x_wconf 88' lang='lat' dir='ltr'><strong>tioni</strong></span> <span class='ocrx_word' id='word_1_251' title='bbox 190 3176 306 3239; x_wconf 90' lang='lat' dir='ltr'><strong>subiici.</strong></span> <span class='ocrx_word' id='word_1_252' title='bbox 321 3174 354 3239; x_wconf 94' lang='lat' dir='ltr'><strong>ld</strong></span> <span class='ocrx_word' id='word_1_253' title='bbox 368 3176 444 3239; x_wconf 91' lang='lat' dir='ltr'><strong>enim</strong></span> <span class='ocrx_word' id='word_1_254' title='bbox 466 3182 537 3237; x_wconf 92' lang='lat' dir='ltr'><strong>tunc</strong></span> <span class='ocrx_word' id='word_1_255' title='bbox 551 3176 707 3238; x_wconf 74' lang='lat' dir='ltr'><strong>dummxat</strong></span> <span class='ocrx_word' id='word_1_256' title='bbox 720 3175 784 3236; x_wconf 93' lang='lat' dir='ltr'><strong>iure</strong></span> <span class='ocrx_word' id='word_1_257' title='bbox 801 3175 832 3235; x_wconf 90' lang='lat' dir='ltr'><strong>fit</strong></span> <span class='ocrx_word' id='word_1_258' title='bbox 851 3173 1027 3252; x_wconf 87' lang='lat' dir='ltr'><strong>meritoque;</strong></span> <span class='ocrx_word' id='word_1_259' title='bbox 1042 3188 1110 3235; x_wconf 93' lang='lat' dir='ltr'><strong>cum</strong></span> <span class='ocrx_word' id='word_1_260' title='bbox 1132 3187 1203 3250; x_wconf 78' lang='lat' dir='ltr'><strong>gens</strong></span> <span class='ocrx_word' id='word_1_261' title='bbox 1217 3171 1268 3233; x_wconf 89' lang='lat' dir='ltr'><strong>illa</strong></span> 
     </span>
     <span class='ocr_line' id='line_1_31' title="bbox 98 3272 1268 3355; baseline -0.009 -16"><span class='ocrx_word' id='word_1_262' title='bbox 98 3276 176 3339; x_wconf 86' lang='lat' dir='ltr'><strong>adeo</strong></span> <span class='ocrx_word' id='word_1_263' title='bbox 196 3277 379 3355; x_wconf 87' lang='lat' dir='ltr'><strong>pervicacem</strong></span> <span class='ocrx_word' id='word_1_264' title='bbox 402 3291 433 3336; x_wconf 91' lang='lat' dir='ltr'><strong>se</strong></span> <span class='ocrx_word' id='word_1_265' title='bbox 453 3274 613 3337; x_wconf 87' lang='lat' dir='ltr'><strong>ostenderit</strong></span> <span class='ocrx_word' id='word_1_266' title='bbox 627 3289 662 3335; x_wconf 92' lang='lat' dir='ltr'><strong>ac</strong></span> <span class='ocrx_word' id='word_1_267' title='bbox 678 3272 892 3346; x_wconf 90' lang='lat' dir='ltr'><strong>refractariam;</strong></span> <span class='ocrx_word' id='word_1_268' title='bbox 910 3279 942 3333; x_wconf 85' lang='lat' dir='ltr'><strong>uf</strong></span> <span class='ocrx_word' id='word_1_269' title='bbox 958 3280 1038 3333; x_wconf 92' lang='lat' dir='ltr'><strong>tanta</strong></span> <span class='ocrx_word' id='word_1_270' title='bbox 1060 3285 1152 3349; x_wconf 90' lang='lat' dir='ltr'><strong>poena</strong></span> <span class='ocrx_word' id='word_1_271' title='bbox 1168 3283 1268 3331; x_wconf 85' lang='lat' dir='ltr'><strong>neees-</strong></span> 
     </span>
     <span class='ocr_line' id='line_1_32' title="bbox 95 3365 1266 3448; baseline -0.008 -13"><span class='ocrx_word' id='word_1_272' title='bbox 95 3373 183 3437; x_wconf 90' lang='lat' dir='ltr'><strong>saria</strong></span> <span class='ocrx_word' id='word_1_273' title='bbox 203 3373 320 3436; x_wconf 92' lang='lat' dir='ltr'><strong>omnino</strong></span> <span class='ocrx_word' id='word_1_274' title='bbox 340 3372 476 3434; x_wconf 90' lang='lat' dir='ltr'><strong>videatur</strong></span> <span class='ocrx_word' id='word_1_275' title='bbox 496 3372 533 3433; x_wconf 94' lang='lat' dir='ltr'><strong>ad</strong></span> <span class='ocrx_word' id='word_1_276' title='bbox 555 3370 796 3448; x_wconf 87' lang='lat' dir='ltr'><strong>tranquillitatem</strong></span> <span class='ocrx_word' id='word_1_277' title='bbox 812 3370 945 3432; x_wconf 89' lang='lat' dir='ltr'><strong>victricis</strong></span> <span class='ocrx_word' id='word_1_278' title='bbox 966 3370 1062 3448; x_wconf 81' lang='lat' dir='ltr'><strong>gentis</strong></span> <span class='ocrx_word' id='word_1_279' title='bbox 1076 3374 1127 3429; x_wconf 89' lang='lat' dir='ltr'><strong>aut</strong></span> <span class='ocrx_word' id='word_1_280' title='bbox 1141 3365 1266 3428; x_wconf 86' lang='lat' dir='ltr'><strong>aliarum</strong></span> 
     </span>
     <span class='ocr_line' id='line_1_33' title="bbox 96 3468 1267 3545; baseline -0.008 -12"><span class='ocrx_word' id='word_1_281' title='bbox 96 3470 253 3533; x_wconf 91' lang='lat' dir='ltr'><strong>nationum</strong></span> <span class='ocrx_word' id='word_1_282' title='bbox 275 3470 437 3543; x_wconf 88' lang='lat' dir='ltr'><strong>tutandam,</strong></span> <span class='ocrx_word' id='word_1_283' title='bbox 459 3468 504 3532; x_wconf 90' lang='lat' dir='ltr'><strong>vel</strong></span> <span class='ocrx_word' id='word_1_284' title='bbox 525 3470 563 3531; x_wconf 91' lang='lat' dir='ltr'><strong>ad</strong></span> <span class='ocrx_word' id='word_1_285' title='bbox 583 3468 716 3531; x_wconf 91' lang='lat' dir='ltr'><strong>idoneam</strong></span> <span class='ocrx_word' id='word_1_286' title='bbox 738 3470 1005 3545; x_wconf 81' lang='lat' dir='ltr'><strong>compensatiouem</strong></span> <span class='ocrx_word' id='word_1_287' title='bbox 1028 3468 1200 3530; x_wconf 87' lang='lat' dir='ltr'><strong>damnorum</strong></span> <span class='ocrx_word' id='word_1_288' title='bbox 1222 3479 1267 3525; x_wconf 88' lang='lat' dir='ltr'><strong>re·</strong></span> 
     </span>
     <span class='ocr_line' id='line_1_34' title="bbox 96 3562 1266 3649; baseline -0.009 -17"><span class='ocrx_word' id='word_1_289' title='bbox 96 3570 268 3649; x_wconf 89' lang='lat' dir='ltr'><strong>petendam.</strong></span> <span class='ocrx_word' id='word_1_290' title='bbox 289 3568 457 3633; x_wconf 79' lang='lat' dir='ltr'><strong>Generatim</strong></span> <span class='ocrx_word' id='word_1_291' title='bbox 480 3578 576 3630; x_wconf 89' lang='lat' dir='ltr'><strong>tamen</strong></span> <span class='ocrx_word' id='word_1_292' title='bbox 597 3568 760 3629; x_wconf 91' lang='lat' dir='ltr'><strong>curandum</strong></span> <span class='ocrx_word' id='word_1_293' title='bbox 782 3573 839 3640; x_wconf 90' lang='lat' dir='ltr'><strong>est,</strong></span> <span class='ocrx_word' id='word_1_294' title='bbox 854 3576 888 3627; x_wconf 90' lang='lat' dir='ltr'><strong>ut</strong></span> <span class='ocrx_word' id='word_1_295' title='bbox 910 3568 984 3628; x_wconf 91' lang='lat' dir='ltr'><strong>bono</strong></span> <span class='ocrx_word' id='word_1_296' title='bbox 1004 3572 1035 3627; x_wconf 88' lang='lat' dir='ltr'><strong>et</strong></span> <span class='ocrx_word' id='word_1_297' title='bbox 1055 3563 1110 3625; x_wconf 94' lang='lat' dir='ltr'><strong>iuri</strong></span> <span class='ocrx_word' id='word_1_298' title='bbox 1133 3562 1266 3626; x_wconf 90' lang='lat' dir='ltr'><strong>victricis</strong></span> 
     </span>
     <span class='ocr_line' id='line_1_35' title="bbox 96 3660 1267 3745; baseline -0.008 -16"><span class='ocrx_word' id='word_1_299' title='bbox 96 3668 197 3745; x_wconf 90' lang='lat' dir='ltr'><strong>partis</strong></span> <span class='ocrx_word' id='word_1_300' title='bbox 217 3668 259 3729; x_wconf 91' lang='lat' dir='ltr'><strong>ita</strong></span> <span class='ocrx_word' id='word_1_301' title='bbox 280 3666 493 3745; x_wconf 83' lang='lat' dir='ltr'><strong>prospiciatur3</strong></span> <span class='ocrx_word' id='word_1_302' title='bbox 515 3672 547 3727; x_wconf 92' lang='lat' dir='ltr'><strong>ut</strong></span> <span class='ocrx_word' id='word_1_303' title='bbox 567 3665 696 3739; x_wconf 90' lang='lat' dir='ltr'><strong>minimo,</strong></span> <span class='ocrx_word' id='word_1_304' title='bbox 717 3664 814 3743; x_wconf 92' lang='lat' dir='ltr'><strong>quoad</strong></span> <span class='ocrx_word' id='word_1_305' title='bbox 840 3664 905 3725; x_wconf 85' lang='lat' dir='ltr'><strong>fieri</strong></span> <span class='ocrx_word' id='word_1_306' title='bbox 934 3669 1038 3739; x_wconf 88' lang='lat' dir='ltr'><strong>potest,</strong></span> <span class='ocrx_word' id='word_1_307' title='bbox 1057 3660 1172 3724; x_wconf 90' lang='lat' dir='ltr'><strong>devicta</strong></span> <span class='ocrx_word' id='word_1_308' title='bbox 1195 3675 1267 3739; x_wconf 84' lang='lat' dir='ltr'><strong>gens</strong></span> 
     </span>
     <span class='ocr_line' id='line_1_36' title="bbox 93 3765 697 3841; baseline -0.005 -13"><span class='ocrx_word' id='word_1_309' title='bbox 93 3766 275 3829; x_wconf 89' lang='lat' dir='ltr'><strong>detrimento</strong></span> <span class='ocrx_word' id='word_1_310' title='bbox 296 3774 327 3827; x_wconf 89' lang='lat' dir='ltr'><strong>et</strong></span> <span class='ocrx_word' id='word_1_311' title='bbox 347 3765 517 3827; x_wconf 89' lang='lat' dir='ltr'><strong>calamitate</strong></span> <span class='ocrx_word' id='word_1_312' title='bbox 538 3772 697 3841; x_wconf 79' lang='lat' dir='ltr'><strong>premalue</strong></span> 
     </span>
    </p>

    <p class='ocr_par' dir='ltr' id='par_1_6' title="bbox 91 3857 1268 4341">
     <span class='ocr_line' id='line_1_37' title="bbox 139 3857 1267 3943; baseline -0.006 -17"><span class='ocrx_word' id='word_1_313' title='bbox 139 3864 240 3943; x_wconf 84' lang='lat' dir='ltr'><strong>Atque</strong></span> <span class='ocrx_word' id='word_1_314' title='bbox 261 3863 334 3926; x_wconf 86' lang='lat' dir='ltr'><strong>baec</strong></span> <span class='ocrx_word' id='word_1_315' title='bbox 355 3862 486 3925; x_wconf 90' lang='lat' dir='ltr'><strong>innuisse</strong></span> <span class='ocrx_word' id='word_1_316' title='bbox 501 3861 645 3935; x_wconf 80' lang='lat' dir='ltr'><strong>sufficiat3</strong></span> <span class='ocrx_word' id='word_1_317' title='bbox 660 3860 804 3939; x_wconf 91' lang='lat' dir='ltr'><strong>siquidem</strong></span> <span class='ocrx_word' id='word_1_318' title='bbox 820 3860 867 3921; x_wconf 90' lang='lat' dir='ltr'><strong>ius</strong></span> <span class='ocrx_word' id='word_1_319' title='bbox 881 3857 1020 3923; x_wconf 83' lang='lat' dir='ltr'><strong>Gentium</strong></span> <span class='ocrx_word' id='word_1_320' title='bbox 1036 3872 1090 3919; x_wconf 92' lang='lat' dir='ltr'><strong>non</strong></span> <span class='ocrx_word' id='word_1_321' title='bbox 1111 3857 1267 3931; x_wconf 89' lang='lat' dir='ltr'><strong>latissime,</strong></span> 
     </span>
     <span class='ocr_line' id='line_1_38' title="bbox 93 3956 1267 4041; baseline -0.007 -17"><span class='ocrx_word' id='word_1_322' title='bbox 93 3969 244 4041; x_wconf 89' lang='lat' dir='ltr'><strong>quantum</strong></span> <span class='ocrx_word' id='word_1_323' title='bbox 272 3968 362 4039; x_wconf 92' lang='lat' dir='ltr'><strong>patet,</strong></span> <span class='ocrx_word' id='word_1_324' title='bbox 385 3967 415 4022; x_wconf 91' lang='lat' dir='ltr'><strong>ct</strong></span> <span class='ocrx_word' id='word_1_325' title='bbox 443 3959 539 4039; x_wconf 92' lang='lat' dir='ltr'><strong>quoad</strong></span> <span class='ocrx_word' id='word_1_326' title='bbox 568 3974 681 4022; x_wconf 89' lang='lat' dir='ltr'><strong>ornnem</strong></span> <span class='ocrx_word' id='word_1_327' title='bbox 709 3956 935 4036; x_wconf 88' lang='lat' dir='ltr'><strong>applicationem</strong></span> <span class='ocrx_word' id='word_1_328' title='bbox 965 3956 1177 4035; x_wconf 89' lang='lat' dir='ltr'><strong>principiorum</strong></span> <span class='ocrx_word' id='word_1_329' title='bbox 1202 3956 1267 4017; x_wconf 91' lang='lat' dir='ltr'><strong>eius</strong></span> 
     </span>
     <span class='ocr_line' id='line_1_39' title="bbox 91 4053 1266 4142; baseline -0.009 -19"><span class='ocrx_word' id='word_1_330' title='bbox 91 4068 273 4139; x_wconf 90' lang='lat' dir='ltr'><strong>tractamus,</strong></span> <span class='ocrx_word' id='word_1_331' title='bbox 294 4059 345 4121; x_wconf 89' lang='lat' dir='ltr'><strong>sed</strong></span> <span class='ocrx_word' id='word_1_332' title='bbox 365 4060 394 4121; x_wconf 95' lang='lat' dir='ltr'><strong>id</strong></span> <span class='ocrx_word' id='word_1_333' title='bbox 425 4059 578 4120; x_wconf 89' lang='lat' dir='ltr'><strong>dumtaxat</strong></span> <span class='ocrx_word' id='word_1_334' title='bbox 602 4056 783 4142; x_wconf 82' lang='lat' dir='ltr'><strong>attingimus,</strong></span> <span class='ocrx_word' id='word_1_335' title='bbox 803 4056 882 4134; x_wconf 90' lang='lat' dir='ltr'><strong>quod</strong></span> <span class='ocrx_word' id='word_1_336' title='bbox 910 4054 1044 4117; x_wconf 89' lang='lat' dir='ltr'><strong>iuvenilis</strong></span> <span class='ocrx_word' id='word_1_337' title='bbox 1072 4053 1266 4115; x_wconf 89' lang='lat' dir='ltr'><strong>institutionis</strong></span> 
     </span>
     <span class='ocr_line' id='line_1_40' title="bbox 91 4150 1268 4232; baseline -0.006 -12"><span class='ocrx_word' id='word_1_338' title='bbox 91 4159 209 4221; x_wconf 89' lang='lat' dir='ltr'><strong>limites</strong></span> <span class='ocrx_word' id='word_1_339' title='bbox 231 4172 285 4219; x_wconf 90' lang='lat' dir='ltr'><strong>non</strong></span> <span class='ocrx_word' id='word_1_340' title='bbox 306 4157 436 4219; x_wconf 84' lang='lat' dir='ltr'><strong>excedat.</strong></span> <span class='ocrx_word' id='word_1_341' title='bbox 459 4154 565 4219; x_wconf 90' lang='lat' dir='ltr'><strong>Fusior</strong></span> <span class='ocrx_word' id='word_1_342' title='bbox 584 4164 684 4217; x_wconf 91' lang='lat' dir='ltr'><strong>autem</strong></span> <span class='ocrx_word' id='word_1_343' title='bbox 705 4152 871 4232; x_wconf 86' lang='lat' dir='ltr'><strong>explanatio</strong></span> <span class='ocrx_word' id='word_1_344' title='bbox 892 4152 971 4229; x_wconf 94' lang='lat' dir='ltr'><strong>apud</strong></span> <span class='ocrx_word' id='word_1_345' title='bbox 999 4152 1065 4215; x_wconf 89' lang='lat' dir='ltr'><strong>illos</strong></span> <span class='ocrx_word' id='word_1_346' title='bbox 1086 4150 1189 4230; x_wconf 87' lang='lat' dir='ltr'><strong>quaeri</strong></span> <span class='ocrx_word' id='word_1_347' title='bbox 1217 4166 1268 4230; x_wconf 94' lang='lat' dir='ltr'><strong>po·</strong></span> 
     </span>
     <span class='ocr_line' id='line_1_41' title="bbox 92 4251 930 4341; baseline -0.007 -21"><span class='ocrx_word' id='word_1_348' title='bbox 92 4257 178 4335; x_wconf 85' lang='lat' dir='ltr'><strong>terit,</strong></span> <span class='ocrx_word' id='word_1_349' title='bbox 198 4255 251 4335; x_wconf 94' lang='lat' dir='ltr'><strong>qui</strong></span> <span class='ocrx_word' id='word_1_350' title='bbox 273 4256 352 4318; x_wconf 90' lang='lat' dir='ltr'><strong>bane</strong></span> <span class='ocrx_word' id='word_1_351' title='bbox 369 4256 523 4318; x_wconf 88' lang='lat' dir='ltr'><strong>materiam</strong></span> <span class='ocrx_word' id='word_1_352' title='bbox 543 4270 580 4317; x_wconf 83' lang='lat' dir='ltr'><strong>ex</strong></span> <span class='ocrx_word' id='word_1_353' title='bbox 601 4255 733 4333; x_wconf 89' lang='lat' dir='ltr'><strong>professo</strong></span> <span class='ocrx_word' id='word_1_354' title='bbox 753 4251 930 4341; x_wconf 88' lang='lat' dir='ltr'><strong>evolverunt.</strong></span> 
     </span>
    </p>
   </div>
   <div class='ocr_carea' id='block_1_3' title="bbox 0 0 1584 4934">
    <p class='ocr_par' dir='ltr' id='par_1_7' title="bbox 0 0 1584 4934">
     <span class='ocr_line' id='line_1_42' title="bbox 0 0 1584 4934; baseline 0 2"><span class='ocrx_word' id='word_1_355' title='bbox 0 0 1584 4934; x_wconf 95' lang='lat' dir='ltr'><strong> </strong></span> 
     </span>
    </p>
   </div>
  </div>
 </body>
</html>
