3159 4934
316 306 351 362 50
832 316 972 358 nrnrca

317 447 382 494 csse
403 431 547 493 diversum
568 429 727 509 potentiam
749 429 786 491 ab
807 428 958 490 intellectu
979 428 1171 505 speculativo.
1189 425 1238 491 Sic
1251 427 1329 490 enim
1343 427 1399 488 ait:
1416 448 1435 485 «
1450 425 1485 490 ld

235 545 236 548 ’
314 531 393 608 quod
413 527 631 591 accidentaliter
647 541 678 588 se
692 527 781 589 hahet
795 526 834 588 ad
847 527 954 588 obiecti
969 525 1120 599 rationem,
1134 541 1224 604 quarn
1240 525 1361 602 respicit
1381 524 1486 604 aliqua

312 625 453 707 potentia,
474 641 530 690 non
551 624 732 687 diversificat
757 625 925 701 potentiam.
951 622 1070 686 Accidit
1089 624 1166 686 enim
1188 623 1320 687 colorato
1340 624 1419 701 quod
1442 624 1485 686 sit

316 727 404 788 homo
424 732 476 786 aut
495 739 636 802 magnum
651 729 704 784 aut
717 736 850 800 parvum.
868 719 951 785 Unde
963 723 1060 784 omnia
1076 722 1245 785 huiusmodi
1265 722 1368 785 eadem
1391 723 1488 786 visiva

316 822 443 901 potentia
458 820 726 900 apprehenduntur.
744 820 864 884 Accidit
878 828 977 882 autem
990 819 1079 882 alicui
1095 821 1279 898 apprehenso
1301 835 1352 898 per
1373 821 1488 884 intelle·
1549 863 1552 867 >

315 931 396 983 ctum
411 919 489 997 quod
504 917 654 980 ordinetur
668 918 704 979 ad
722 932 807 995 opus,
828 916 873 979 vel
888 932 943 979 uon
957 918 1117 980 ordinetur.
1132 915 1300 981 Secundum
1315 919 1372 982 hoc
1385 925 1487 980 autem

315 1017 453 1079 differunt
474 1015 640 1076 intellectus
661 1013 861 1092 speculativos
882 1024 912 1077 et
936 1016 1090 1092 practicus,
1105 1012 1181 1077 Nam
1196 1015 1364 1088 intellectus
1379 1032 1486 1092 specu·

314 1115 423 1178 latirus
444 1121 499 1188 est,
520 1115 571 1192 qui
592 1115 673 1192 quod
687 1115 891 1193 apprehendit,
905 1114 961 1177 non
975 1115 1093 1177 ordinet
1112 1115 1150 1176 ad
1171 1131 1254 1193 opus,
1271 1116 1322 1178 sed
1337 1115 1374 1177 ad
1390 1113 1487 1176 solam

316 1211 450 1275 veritatis
470 1212 741 1275 considerationem.
757 1209 909 1274 Procticus
930 1227 997 1275 vero
1018 1212 1184 1274 intellectus
1205 1213 1325 1284 dicitur,
1345 1212 1395 1290 qui
1417 1212 1488 1285 hoc,

315 1311 393 1390 quod
415 1310 617 1389 apprehendit,
632 1310 748 1373 ordinat
769 1309 807 1372 ad
825 1325 908 1386 opus.
923 1307 963 1372 llt
976 1310 1032 1372 hoc
1049 1310 1186 1387 estquod
1202 1308 1397 1386 Philosophus
1411 1308 1488 1370 dicit

315 1408 344 1469 in
365 1406 394 1471 3.
416 1407 465 1470 De
492 1407 608 1484 ocimo,
631 1407 709 1485 quod
736 1407 935 1485 speculativos
958 1407 1057 1470 diflert
1077 1425 1094 1470 a
1117 1407 1346 1485 practico,.fine,
1368 1407 1442 1469 unde
1470 1425 1486 1469 a

316 1507 372 1569 line
393 1507 595 1569 denominatur
617 1514 741 1583 uterque
757 1503 807 1584 (l).
824 1527 841 1560 »

699 1715 874 1789 Solvuntur
894 1716 1105 1798 difficultates,

354 1895 402 1960 39.
429 1895 521 1958 dotto.
544 1895 566 1959 l.
589 1895 750 1974 Dispositio
775 1897 908 1973 corporis
933 1896 1029 1958 influit
1053 1897 1082 1957 in
1100 1896 1242 1959 iudicium
1263 1896 1382 1959 morale.
1405 1894 1486 1975 Ergo

314 1993 457 2056 iudicium
480 1993 589 2055 morale
610 1993 648 2055 ad
669 1993 808 2057 sensilem
829 1993 999 2056 facultatem
1015 1993 1150 2070 pertinet.

355 2089 391 2154 R.
415 2089 499 2153 Disl.
521 2088 721 2154 concedens:
743 2089 843 2154 lulluit
857 2093 1030 2164 extrinsece,
1045 2099 1165 2169 propter
1179 2107 1286 2153 nexum
1301 2093 1379 2154 iuter
1391 2092 1486 2154 iacul-

317 2196 392 2252 tates
407 2189 540 2251 diversas
551 2189 689 2268 hominis,
702 2190 862 2263 meosoch·
875 2189 971 2250 influit
982 2189 1170 2262 intrinsecus,
1182 2197 1301 2266 propter
1310 2190 1486 2252 exercitium

314 2287 408 2364 ipsius
430 2288 565 2362 actionis,
587 2303 672 2365 ocgo.
695 2283 771 2348 rum
793 2302 869 2366 nego
890 2303 1085 2364 consequens.

354 2383 400 2446 llx
422 2385 628 2448 constitutione
649 2385 780 2462 corporis
800 2392 830 2444 et
845 2385 985 2460 temperie
998 2398 1163 2445 neruorum·
1178 2384 1316 2457 efficitur,
1337 2391 1370 2446 ut
1390 2388 1488 2446 seusi-

316 2482 415 2544 bilitas
445 2482 563 2561 (quippe
591 2497 667 2560 quae
693 2480 811 2560 organis
836 2479 940 2559 utitur)
966 2481 1004 2541 ad
1029 2481 1158 2545 actiones
1183 2479 1297 2558 aliquas
1318 2487 1348 2543 et
1368 2480 1485 2544 obiecto

315 2580 517 2643 vehementius
542 2580 588 2642 vel
609 2578 763 2641 remissius
783 2579 938 2651 incitetur3
960 2586 1047 2656 atque
1068 2576 1173 2640 exinde
1193 2579 1326 2640 nascitur
1351 2578 1484 2663 (propter

315 2677 436 2738 humani
452 2678 603 2754 compositi
621 2676 774 2754 unitatem)
786 2682 820 2737 ut
840 2675 982 2738 iudicium
1004 2677 1109 2737 mentis
1131 2690 1218 2752 saepe
1240 2676 1438 2753 perturbetur,
1449 2693 1485 2739 ac

316 2775 451 2837 voluutas
472 2775 584 2837 fortiter
605 2774 760 2837 alliciatur.
786 2771 895 2838 Verum
918 2773 948 2835 id
970 2788 1037 2834 cum
1059 2772 1169 2835 iudicio
1183 2773 1250 2835 honi
1271 2772 1392 2852 moralis
1410 2773 1487 2836 nihil

315 2887 468 2946 commune
480 2873 585 2934 hahet:
600 2880 631 2935 et
645 2887 742 2949 saepe,
756 2870 897 2934 eiusmodi
913 2870 1108 2947 cupiditatum
1124 2869 1252 2932 tumultu
1267 2871 1485 2949 effervescente,

315 2971 406 3032 immo
426 2971 514 3032 etiam
537 2969 737 3034 debacchante
759 2968 856 3047 (modo
877 2983 963 3029 usum
986 2968 1107 3030 rationis
1126 2983 1183 3030 non
1198 2967 1331 3047 adimet),
1346 2976 1434 3046 turpe
1447 2969 1487 3032 ah

315 3069 438 3130 honesto
460 3069 568 3145 optime
582 3067 839 3139 discriminamns;
854 3067 908 3128 etsi
923 3065 997 3127 illud
1022 3066 1208 3129 vehementer
1221 3082 1340 3129 sensum
1363 3068 1485 3142 alliciat,

315 3167 372 3228 hoe
392 3165 487 3226 eidem
508 3167 683 3242 magnopere
705 3163 875 3227 reluctetur.
1330 3187 1333 3191 ’

321 3283 325 3289 ·
354 3262 421 3327 lure
442 3264 542 3340 itaque
563 3263 624 3324 veri
640 3263 798 3340 sapientes
812 3263 842 3322 in
855 3259 973 3324 entibus
988 3260 1049 3324 solo
1070 3277 1158 3324 sensu
1174 3263 1315 3340 praeditis
1335 3263 1487 3326 notionem

314 3361 383 3424 honi
405 3361 450 3424 vel
472 3360 541 3423 muli
563 3361 683 3424 moralis
705 3359 816 3422 nullam
837 3375 902 3422 esse
924 3359 1101 3432 docuerunt3
1123 3360 1268 3438 siquidem
1284 3360 1383 3422 inillis
1403 3361 1489 3424 notio

313 3459 394 3521 nulla
415 3459 491 3520 inest
512 3457 662 3520 relationis
684 3467 713 3520 et
734 3458 845 3521 ordinis
858 3466 888 3520 et
910 3457 1086 3534 quidditatis
1106 3473 1216 3531 rerum,
1236 3474 1311 3535 quae
1332 3458 1414 3519 ideas
1437 3475 1489 3537 ge·

313 3557 427 3620 neralcs
449 3557 584 3635 exquirit.
600 3555 706 3630 Quare,
729 3572 798 3619 cum
820 3557 908 3618 homo
930 3555 975 3634 (ut
996 3556 1174 3618 conscientia
1195 3555 1301 3632 cuique
1324 3558 1406 3618 testis
1426 3557 1488 3635 est)

251 3657 255 3664 '
314 3655 500 3732 generalibus
525 3654 599 3717 ideis
620 3655 783 3718 instructos
805 3655 844 3714 sit
858 3661 888 3715 et
908 3655 1057 3716 euidenter
1078 3647 1265 3715 honestum'a
1281 3653 1362 3730 turpi
1379 3653 1491 3716 distin·

316 3761 401 3828 guat3
422 3751 551 3830 cognitio
565 3751 710 3814 eiusmodi
724 3751 762 3812 ad
776 3739 908 3812 animum
931 3759 1045 3812 tantum
1059 3751 1181 3828 eiusque
1200 3749 1369 3828 spirituales
1390 3750 1490 3813 iacul-

317 3855 393 3910 tates
418 3849 568 3916 relerenda
589 3856 644 3911 est.
667 3846 777 3911 Sensus
799 3855 942 3910 autumet
962 3862 1070 3925 organa
1092 3848 1224 3924 corporis
1249 3847 1364 3909 nonnisi
1390 3847 1491 3910 admi·

315 3946 401 4010 nistri
421 3955 499 4022 sunt,
520 3957 549 4010 ct
570 3948 750 4011 conditiones
773 3947 973 4024 inpraesenti
1000 3954 1079 4008 stetu
1109 3947 1266 4010 iunctionis
1295 3947 1386 4008 animi
1414 3963 1490 4010 curn

315 4059 446 4123 corpore,
466 4047 504 4108 ad
524 4031 689 4110 intellectus
709 4044 915 4118 evolutionem,
936 4043 1102 4124 requisitae.

316 4324 318 4328 Ι
363 4257 397 4320 (l)
415 4259 529 4308 Summo
546 4259 581 4306 tlt.
599 4259 615 4307 l.
634 4275 656 4321 p.
673 4274 697 4323 q.
715 4258 829 4320 LXXIX,
845 4273 867 4306 o.
885 4257 924 4304 ll.
