3159 4934
292 296 343 354 128
576 310 619 353 rus
636 308 762 352 unrunon
780 327 790 337 -
810 310 878 350 rans
901 310 920 349 1.
938 308 979 351 rus
996 305 1168 349 rnntvmuonn

290 432 449 504 utrumque
470 423 692 498 conciliandum,
714 424 889 487 exercitium
910 424 1050 486 nimirum
1075 424 1166 486 officii
1187 422 1300 501 aptiore
1321 432 1465 504 tempore,

289 531 320 587 et
339 525 440 601 togam
461 522 531 585 mali
555 521 634 601 quod
654 522 796 586 imminet.
818 520 913 586 Immo
933 521 1088 601 aliquoties
1109 523 1147 585 ad
1168 524 1199 586 id
1221 526 1310 587 homo
1335 532 1463 591 tenetur.

289 622 356 686 Etsi
371 624 447 685 enim
462 636 671 698 saepenumero
692 620 841 683 laudabile
862 622 902 683 sit
921 622 1019 685 officio
1032 622 1121 685 etiarn
1139 621 1262 699 positivo
1277 638 1333 686 non
1348 624 1467 699 deesse,

289 718 467 799 posthabitis
488 719 574 781 malis
595 719 831 798 quibuscumque
852 720 1013 783 autetiam
1035 729 1146 794 morte;
1160 728 1269 794 tamen,
1284 722 1342 784 nisi
1362 724 1467 801 gravis

288 819 364 882 ratio
384 818 415 881 id
436 818 620 896 persuadeat,
634 818 806 894 imprudens
826 824 856 879 et
878 818 1068 881 temerarium
1089 825 1137 880 est
1157 818 1201 881 sic
1222 819 1314 881 vitam
1334 827 1387 881 aut
1401 820 1461 883 alia

289 918 364 981 bona
379 915 560 995 profundere.
576 912 641 979 Hoc
656 923 765 989 autem,
780 922 814 977 ut
834 915 960 994 quisque
981 931 1034 994 per
1055 932 1087 979 se
1100 916 1186 979 lacile
1199 917 1349 996 iutelligit,
1362 918 1463 982 locum
1479 962 1489 981 ,

290 1032 346 1080 nou
361 1016 460 1089 babet,
474 1014 719 1093 quotiescumque
734 1013 847 1076 ratione
867 1014 1159 1076 circumstantiamm
1175 1013 1296 1077 omissio
1309 1022 1395 1077 actus
1409 1015 1468 1079 bo·

290 1115 365 1178 nesti
386 1113 562 1177 redundaret
583 1113 612 1174 iu
633 1112 770 1174 iniuriam
792 1110 856 1185 Dei,
878 1118 1081 1190 contemptum
1103 1110 1260 1191 religionis,
1281 1113 1384 1190 ingens
1405 1113 1466 1176 rei·

291 1213 427 1291 publicae
447 1212 597 1283 damnum,
612 1211 774 1273 innocentis
788 1224 921 1288 poenam,
938 1216 991 1271 aut
1004 1209 1126 1273 alterius
1139 1209 1214 1288 legis
1234 1209 1387 1288 negativae
1400 1210 1467 1274 rio·

291 1312 438 1375 lationem.
453 1308 535 1374 'lunc
549 1309 627 1373 enim
647 1310 768 1374 omissio
791 1323 842 1385 per
863 1322 895 1369 se
916 1308 1014 1386 turpis
1035 1314 1123 1380 asset,
1138 1322 1173 1370 ae
1188 1308 1309 1385 proinde
1323 1306 1468 1387 obligatio

289 1410 330 1473 ad
350 1425 415 1472 eam
434 1409 551 1472 omnino
572 1408 738 1485 fugiendam
759 1406 967 1485 adstringeret.

331 1507 472 1587 Denique,
487 1506 512 1568 si
534 1506 664 1569 officium
685 1511 729 1567 est
750 1504 955 1577 adventitium,
969 1511 999 1566 et
1013 1519 1050 1566 en
1072 1503 1239 1582 legemem
1261 1505 1391 1565 bumana
1412 1512 1466 1567 aut

290 1623 327 1672 cx
348 1613 500 1670 contractu
521 1604 620 1684 aliquo
643 1602 820 1681 procedens;
834 1604 872 1666 ab
892 1617 927 1665 eo
947 1602 1125 1680 praestando
1148 1602 1178 1665 vi
1199 1616 1322 1681 maguae
1337 1604 1468 1666 uecessi-

292 1706 363 1768 tatis
383 1706 471 1767 bomo
492 1702 662 1780 plerumque
683 1707 851 1763 excusatur.
874 1697 935 1763 Len
957 1701 1035 1763 enim
1057 1716 1111 1778 pro
1132 1700 1251 1778 publica
1271 1699 1468 1763 ferturutili·

291 1809 368 1876 tate;
382 1816 458 1880 quae
478 1807 557 1862 certe
577 1799 698 1873 deesset,
713 1799 740 1861 si
762 1800 837 1863 bono
858 1800 1006 1863 communi
1021 1815 1077 1862 non
1097 1797 1289 1876 periclitante,
1304 1814 1357 1861 nec
1371 1798 1464 1886 detri-

292 1906 390 1962 mento
405 1898 503 1980 aliquo
516 1898 546 1959 in
568 1897 739 1961 societatem
761 1899 956 1977 proveniente,
971 1898 1083 1961 subditi
1104 1898 1147 1961 sic
1168 1898 1248 1961 cirea
1269 1914 1343 1975 rem,
1357 1905 1466 1961 natura

293 2014 346 2060 sua
372 1997 594 2069 indifferentem,
616 1995 827 2073 obligarentur,
847 2004 880 2059 ut
907 2012 960 2058 eas
988 1996 1103 2075 exequi,
1125 1995 1214 2059 etiam
1243 2011 1312 2058 cum
1334 1995 1466 2074 periculo

293 2097 370 2160 vitae
383 2102 436 2158 aut
449 2094 570 2157 alterius
584 2093 776 2172 praegrandis
789 2094 857 2157 boni
871 2094 996 2167 iactura,
1010 2095 1272 2173 adstringerentur.
1284 2089 1467 2157 Contractus

292 2208 371 2271 vero,
386 2208 453 2256 cum
473 2201 592 2270 propter
613 2192 721 2255 bonum
737 2191 893 2269 utriusque
907 2191 1000 2269 partis
1014 2192 1082 2255 iniri
1103 2193 1213 2266 soleam
1228 2193 1329 2271 nequit
1350 2197 1464 2256 tantam

292 2292 401 2356 habere
421 2290 492 2364 vim,
507 2297 540 2352 ut
561 2306 628 2366 pars
648 2289 801 2367 alterutra,
823 2304 859 2352 nc
879 2289 974 2367 pactis
994 2289 1082 2364 desit,
1102 2290 1207 2353 debeat
1229 2298 1353 2353 mortem
1375 2306 1467 2370 oppe-

292 2398 363 2463 tere,
377 2396 427 2452 aut
448 2403 587 2467 magnum
601 2386 682 2451 aliud
699 2386 808 2450 malum
822 2387 982 2451 incurrere.
996 2384 1176 2450 Praesertim
1192 2386 1223 2449 id
1237 2386 1395 2451 dicendum
1408 2397 1465 2463 est,

293 2488 319 2551 si
339 2503 375 2550 ex
396 2502 453 2549 nou
473 2484 658 2549 observantia
680 2485 759 2564 pacti
786 2484 901 2547 nullum
922 2485 952 2548 in
975 2493 1088 2563 partem
1109 2485 1233 2549 alteram
1254 2486 1465 2551 detrimentum

293 2584 444 2659 redundet,
457 2591 509 2648 aut
523 2584 662 2647 damnum
679 2584 718 2645 sit
732 2582 807 2646 adeo
820 2581 970 2663 exiguum,
985 2591 1018 2646 ut
1038 2584 1185 2648 contemni
1206 2584 1252 2647 vel
1266 2584 1353 2647 laclle
1366 2586 1465 2649 redin-

294 2684 401 2762 tegrari
423 2682 523 2761 possit.
539 2681 689 2755 Attamen,
703 2688 736 2743 ut
758 2688 861 2759 patens
880 2688 937 2756 est,
951 2680 981 2744 id
995 2682 1167 2761 neutiquam
1188 2683 1309 2758 valeret,
1324 2683 1352 2746 si
1365 2683 1465 2747 officio

293 2780 551 2858 praetermittendo
565 2779 646 2842 salus
667 2779 785 2857 publica
807 2779 852 2843 vel
874 2780 1020 2844 securitas
1041 2780 1172 2843 ciuitatis
1189 2780 1398 2845 detrimentum
1415 2797 1467 2845 ca·

292 2886 387 2957 peret,
403 2877 450 2941 vel
470 2880 496 2939 si
516 2884 686 2942 contractus
706 2885 786 2941 esset
807 2878 959 2957 eiusmodi,
975 2886 1006 2941 ut
1020 2878 1126 2957 quovis
1147 2878 1281 2956 periculo
1301 2880 1465 2942 servandus

292 2975 481 3055 asseritque
501 2976 531 3039 in
553 2975 687 3053 pactione
708 2977 773 3055 ipsa
796 2984 947 3055 tamquam
969 2976 1097 3039 conditio
1118 2977 1333 3041 rationabiliter
1346 2978 1466 3044 inclusa

293 3072 509 3137 subaudiretur.
531 3071 614 3136 Tunc
634 3074 712 3135 enim
733 3074 863 3138 officium
890 3073 1021 3151 periculo
1041 3074 1131 3137 etiam
1153 3076 1258 3139 mortis
1281 3076 1466 3139 reddendum

292 3178 385 3237 esset:
401 3172 470 3249 quia
486 3171 593 3233 bouum
614 3186 768 3235 commune
789 3172 1021 3249 praeponderare
1041 3172 1129 3237 debet
1142 3173 1219 3238 bono
1241 3175 1375 3251 privato;
1390 3175 1467 3239 tides

291 3278 392 3334 autem
406 3269 474 3332 data
495 3267 612 3338 omnino
633 3270 778 3331 servanda
799 3275 856 3344 cst,
869 3269 1022 3349 eidemque
1042 3272 1132 3335 bomo
1151 3272 1216 3336 sina
1234 3272 1346 3337 scelere
1358 3273 1466 3338 deesse

292 3367 402 3447 nequit.

668 3531 815 3658 curun
841 3580 1088 3659 sneunnuu

603 3756 642 3806 llll
667 3754 795 3808 ordiens
818 3755 942 3807 nolitis
966 3749 1044 3807 atel
1069 3757 1163 3810 naut.

334 3961 382 4029 26.
403 3964 631 4051 Argumentum.
653 3963 835 4042 Principium
857 3964 1022 4028 universale
1043 3981 1174 4030 morum:
1195 3965 1322 4031 Bonum
1346 3972 1395 4032 est
1413 3969 1469 4047 fc-

294 4060 445 4141 ciendum,
460 4066 517 4131 bec
537 4064 725 4145 potissimum
747 4061 859 4126 homini
879 4063 1047 4142 praecipere
1061 4064 1186 4140 videtur,
1205 4074 1239 4129 ut
1253 4067 1384 4131 ordinem
1406 4084 1471 4132 ser·

295 4171 359 4237 vet;
375 4170 438 4225 tum
451 4164 522 4242 quia
535 4167 607 4229 ordo
626 4167 777 4246 proprium
798 4175 844 4229 est
864 4168 974 4230 bonum
994 4176 1117 4230 naturae
1137 4166 1303 4240 rationalis,
1319 4175 1382 4228 tum
1396 4167 1470 4244 quia

294 4262 339 4325 sic
360 4261 449 4324 bomo
468 4261 499 4323 in
520 4262 618 4325 debita
638 4264 825 4344 proportione
846 4280 878 4327 se
898 4265 990 4343 ponit,
1005 4273 1141 4343 respectu
1161 4263 1274 4327 entium
1289 4272 1466 4329 ceterorum.
