3159 4934
408 318 493 361 canus
511 321 526 361 v.
547 323 581 363 nn
599 298 663 363 runa
682 323 714 364 nr
733 321 834 364 ovrtcro
851 324 1003 366 cnunnurvu
1237 313 1285 369 ltl

119 435 182 498 ilire
201 449 259 496 nou
280 433 359 512 licet,
376 434 499 497 obtentu
520 433 604 496 iuris.
619 431 696 497 Hinc
717 434 921 513 undecumque
941 436 989 498 ius
1009 436 1127 516 aliquod
1150 437 1290 503 advenire

3 557 4 570 ι
120 533 264 606 rideatur,
285 546 435 608 nunquam
455 533 573 596 extendi
594 540 692 612 potest
712 533 751 594 ad
772 532 813 606 id,
834 533 915 610 quod
938 533 1036 596 officio
1057 540 1127 596 actu
1147 535 1290 614 obligauti

119 630 310 695 contradicat.
331 629 418 706 Quod
439 632 515 694 enim
537 631 634 694 officio
654 630 823 710 opponitur,
845 638 932 708 turpe
952 638 1005 694 est.
1027 631 1076 695 Ad
1092 640 1177 709 turpe
1190 640 1289 695 autem

118 745 174 793 non
187 730 277 792 datur
291 730 353 804 ius3
369 729 514 809 siquidem
529 730 574 793 ris
589 730 683 792 omnis
696 729 772 794 iuris
786 745 823 792 ex
836 729 938 792 ordine
951 735 982 793 et
994 729 1057 808 lege
1075 728 1288 807 proficiscitur,

116 827 228 907 alege
247 836 347 892 autem
374 837 404 891 et
431 829 532 892 ordine
554 828 702 905 proficisci
732 843 788 891 non
817 836 925 906 potest,
944 828 1023 906 quod
1051 828 1109 908 legi
1136 838 1166 892 et
1192 829 1290 894 ordini

117 926 300 992 adversatur,

588 1106 757 1170 Anmcuuus
777 1103 814 1168 ΙΙ.

387 1236 437 1302 De
456 1241 575 1302 natura
594 1241 625 1301 ct
641 1237 815 1318 partitione
834 1235 1017 1317 officiorum.

159 1415 204 1479 15.
219 1413 293 1498 Quid
317 1413 462 1484 officium.
479 1414 640 1497 obligatio,
655 1433 714 1496 qua
728 1415 775 1480 lex
789 1422 912 1479 naturae
927 1416 1108 1479 voluntatem
1123 1405 1160 1476 ad
1176 1413 1289 1494 aliquid
1332 1407 1336 1410 ’

115 1516 281 1580 laciendum
298 1515 343 1579 vel
357 1516 552 1579 omittendum
566 1514 738 1593 adstringit,
751 1511 888 1594 officium
901 1512 1078 1577 nominatur.
1093 1510 1175 1576 Haec
1188 1519 1288 1573 autem

114 1611 256 1692 obligatio
269 1615 300 1677 in
321 1614 425 1677 morab
447 1614 577 1692 quadam
598 1613 772 1676 necessitate
786 1611 846 1674 sita
861 1618 917 1684 est,
932 1627 984 1675 seu
1004 1611 1035 1672 in
1050 1608 1290 1688 impossibilitate

116 1712 251 1775 manendi
272 1713 301 1773 in
322 1712 422 1776 ordine
447 1727 482 1775 ac
507 1711 581 1792 legis
609 1712 781 1784 reverentia,
803 1711 984 1774 contrarium
1011 1710 1084 1782 eius,
1104 1709 1184 1788 quod
1212 1708 1288 1771 ratio

115 1809 220 1884 dictat,
237 1810 394 1888 operando.
409 1807 458 1873 Sic
480 1825 548 1874 cum
570 1811 718 1873 bominem
739 1809 777 1870 ad
799 1823 856 1897 non
877 1807 1077 1872 mentiendum
1098 1806 1224 1884 obligari
1244 1804 1289 1866 di·

115 1907 226 1982 eimus;
241 1922 298 1970 non
313 1906 392 1970 aliud
406 1907 574 1986 significare
597 1906 740 1982 volumus,
755 1905 813 1968 nisi
827 1921 894 1968 eum
915 1906 973 1968 bac
991 1905 1163 1968 necessitate
1178 1903 1290 1967 mucci:

116 2013 148 2066 ut
164 2004 189 2066 si
209 2005 305 2067 ordini
326 2005 485 2068 adhaerere
508 2004 588 2078 velit,
610 2003 728 2068 mentiri
749 2019 806 2066 non
827 2003 949 2076 debeat3
969 2001 1015 2064 sin
1036 2003 1204 2075 mentiatur,
1219 2017 1288 2064 con·

115 2103 196 2165 tinuo
216 2103 363 2166 desciscat
384 2105 421 2166 ab
442 2103 553 2166 ordinc.
574 2102 674 2180 Atque
694 2103 769 2164 baec
795 2101 925 2164 delinitio
953 2101 1084 2164 officium
1114 2101 1236 2178 respicit
1257 2099 1287 2160 in

113 2202 281 2275 abstracto;
295 2217 363 2264 nam
385 2201 415 2263 in
436 2204 574 2264 concreto
594 2200 658 2278 ipsa
680 2199 757 2263 actio
779 2199 826 2262 vel
845 2199 970 2262 actionis
992 2199 1122 2272 omissio,
1137 2199 1175 2260 ad
1196 2213 1285 2276 quam

110 2301 290 2379 obligamur,
311 2300 441 2363 officium
463 2300 523 2364 dici
545 2301 628 2363 solet.

157 2393 202 2460 16.
219 2393 292 2478 Quid
314 2394 503 2482 praecedat:
520 2395 569 2464 lus
590 2413 630 2464 an
652 2393 797 2464 ollioium.
819 2395 860 2462 Ut
874 2412 961 2474 saepe
982 2396 1123 2467 diximus,
1144 2393 1284 2473 officinm,

112 2498 192 2559 sicut
211 2503 242 2558 et
256 2495 313 2569 ius,
335 2511 372 2558 ex
394 2496 495 2559 ordine
516 2504 680 2575 generatur.
704 2491 784 2558 Ordo
804 2503 905 2558 autem
926 2495 1104 2556 considerari
1127 2500 1221 2572 potest
1242 2491 1287 2556 vel

111 2601 251 2672 respectu
267 2591 320 2656 Dei
342 2608 437 2672 aquo
460 2594 600 2671 procedit,
615 2593 661 2657 vel
681 2600 819 2672 respectu
840 2601 1042 2655 creaturarum
1064 2592 1171 2669 quibus
1191 2591 1286 2669 impo

111 2691 202 2754 nitur,
220 2689 253 2754 ln
276 2691 370 2768 prima
393 2678 635 2769 consideratione,
649 2691 696 2752 ius
712 2691 861 2768 praecedit
873 2690 1014 2753 officium.
1029 2688 1063 2753 In
1079 2697 1193 2752 tantum
1208 2690 1287 2752 enim

111 2796 266 2854 creaturae
280 2789 438 2853 rationales
460 2789 566 2853 officiis
581 2789 817 2868 adstringuntur,
831 2790 860 2850 in
876 2796 1018 2867 quantum
1035 2787 1116 2852 Deus
1134 2790 1182 2851 ius
1196 2789 1287 2852 babet

112 2886 289 2950 subiiciendi
313 2902 364 2950 eas
389 2887 494 2961 ordini,
515 2902 603 2966 quem
628 2887 692 2950 eius
716 2887 861 2964 sapientia
883 2886 1066 2964 praescribit.
1088 2884 1186 2959 Quare
1206 2893 1288 2950 outo-

109 2985 208 3064 logice
236 2992 265 3048 et
293 3001 345 3063 per
366 3001 398 3048 se
420 2985 501 3063 prius
522 2994 568 3048 est
588 2986 646 3057 ius,
667 2984 771 3047 deinde
795 2983 941 3058 odicium3
963 2984 1101 3046 nimirum
1130 2984 1214 3064 prius
1240 2991 1288 3047 est

109 3087 159 3148 ius
175 3083 204 3144 in
227 3079 299 3156 Deo,
312 3081 416 3146 deinde
436 3084 566 3146 officium
587 3083 617 3146 in
636 3085 790 3146 creaturis.
806 3081 875 3146 Dixi
884 3081 978 3161 priua
1000 3084 1050 3146 ies
1062 3083 1098 3146 ιἰι
1114 3081 1201 3158 Dao;
1217 3084 1286 3161 quia

110 3179 193 3244 Deus
213 3181 329 3244 iuribus
351 3189 464 3243 tantum
485 3182 651 3256 instruitur,
665 3181 771 3246 officiis
792 3198 848 3246 uon
865 3181 1039 3244 devincitur.
1054 3179 1121 3244 Non
1141 3183 1220 3244 enim
1236 3199 1286 3244 su·

110 3280 257 3357 perierem
278 3280 409 3359 habeta
429 3295 489 3358 quo
509 3278 603 3358 legem
624 3289 653 3342 et
673 3279 881 3359 obligationem
902 3279 1046 3357 accipiat;
1060 3295 1113 3342 nec
1127 3280 1172 3362 ,ad
1193 3281 1282 3342 tinem

109 3376 243 3455 aliquem
263 3377 486 3455 adipiscendum
507 3379 667 3459 ordinatur,
689 3379 742 3444 sed
762 3380 826 3457 ipse
846 3385 892 3442 est
913 3394 1071 3456 supremus
1092 3378 1229 3441 dominus
1254 3385 1284 3440 et

110 3475 185 3536 finis
204 3482 234 3538 et
253 3491 354 3539 norma
376 3492 474 3540 rerum
496 3485 671 3541 ceterarum.

156 3569 208 3634 Sin
228 3574 298 3638 ordo
319 3575 526 3653 consideretur,
548 3582 635 3655 prout
654 3577 752 3654 ipsam
782 3583 947 3639 creaturam
977 3575 1148 3638 rationalem
1176 3574 1284 3650 afficit;

106 3670 218 3750 procul
232 3672 320 3736 dubio
342 3674 492 3750 praecedit
511 3674 651 3737 officium.
666 3673 794 3748 Etenim,
814 3682 848 3736 ut
868 3682 936 3736 ante
956 3673 1048 3747 innui,
1061 3680 1181 3737 catenus
1203 3687 1284 3757 crea-

85 3802 90 3812 ·
107 3778 181 3832 tura
203 3771 354 3834 rationalis
375 3771 490 3835 iuribus
503 3779 634 3847 ornatur,
649 3782 794 3850 quatenus
808 3774 895 3834 linem
915 3788 932 3834 a
952 3780 1061 3834 natura
1074 3771 1286 3848 praestitutum

106 3869 212 3944 babet,
226 3869 264 3932 ad
279 3885 366 3950 quem
383 3887 455 3933 usus
477 3886 575 3933 rerum
596 3887 631 3933 ac
656 3872 788 3948 propriae
809 3870 972 3932 activitatis
993 3868 1167 3931 exercitium
1186 3885 1287 3932 neces-

107 3967 191 4030 naria
213 3974 284 4030 sunt
298 3968 343 4032 vel
359 3968 465 4030 saltem
480 3975 681 4030 consentanea.
696 3967 782 4042 Quod
796 3968 914 4045 quidem
936 3967 1085 4045 importat,
1103 3973 1136 4029 ut
1150 3975 1286 4032 creatura

103 4064 266 4128 rationalis
286 4066 422 4140 ordini,a
444 4065 543 4130 divina
566 4066 711 4142 sapientia
731 4065 853 4139 dictato,
874 4065 960 4142 eique
982 4080 1034 4143 per
1056 4065 1198 4128 rationem
1220 4082 1287 4144 pro-

104 4164 219 4243 posito,
239 4163 372 4226 subiecta
397 4163 586 4243 intelligatur.
609 4162 707 4241 Atque
736 4163 806 4224 binc
831 4161 910 4224 effici
927 4162 1075 4238 diximus,
1096 4170 1130 4226 ut
1156 4164 1220 4227 iura
1248 4165 1286 4226 ab

102 4262 220 4326 officiis
239 4262 349 4325 limites
363 4263 523 4340 accipiant3
537 4277 589 4326 ncc
605 4260 744 4336 ambitus,
758 4260 788 4322 in
802 4275 862 4340 quo
882 4259 947 4322 iura
968 4261 1141 4339 spatientur,
1156 4261 1282 4341 cogitari
1338 4279 1341 4282 ⁴
