3159 4934
363 357 448 400 CAPUT
467 358 482 399 l.
501 359 536 400 bl:
554 358 694 401 sociemus
711 358 859 401 bouesmca
1140 347 1194 407 203

16 468 48 530 id
71 467 175 532 odium
197 477 393 545 eonvertatur,
407 471 449 533 ita
464 479 497 534 ut
517 470 714 550 tranquillitas
728 472 806 535 ritae
826 480 856 537 et
876 474 1000 551 pacifica
1014 473 1119 539 domus
1133 493 1188 554 gu·

13 567 154 630 bernatio
175 568 277 632 haberi
298 569 427 646 amplius
447 577 581 649 nequeat.
597 569 679 636 Tunc
700 577 779 634 certe
800 570 875 634 ratio
896 573 1054 650 persuadet
1071 579 1105 635 ut
1119 589 1188 636 con-

15 665 104 743 iuges
120 666 159 728 ad
173 672 291 744 tempus
304 666 408 730 saltem
423 675 605 745 separentur
619 668 710 732 donec
724 674 847 730 mutuus
860 683 943 731 amor
963 669 1188 749 redintegretur.

16 759 138 825 Pariter
160 763 186 825 si
207 763 364 843 coniugum
386 764 527 828 alteruter
548 765 635 828 iidem
658 765 837 829 matrimonii
858 765 955 844 violet
974 774 1027 830 aut
1039 782 1187 845 perversa

14 859 89 937 iuga
113 860 228 923 socium
249 861 375 937 deserat
397 862 442 926 rel
463 863 592 942 graviter
569 831 747 937 divexe13
768 865 816 927 ius
844 863 930 928 alteri
953 866 1009 928 erit
1030 882 1048 928 a
1070 875 1191 930 nocente

15 956 182 1037 discedere
202 959 241 1021 ad
261 975 293 1024 se
313 959 422 1023 iniusta
443 963 633 1040 oppressione
656 961 851 1037 liberandum
872 970 925 1026 aut
947 963 1068 1027 alterius
1096 965 1194 1029 soclus

18 1054 76 1116 tali
99 1057 282 1134 separatione
304 1057 492 1135 puniendum.
514 1056 548 1122 ld
570 1067 667 1122 umen
688 1059 785 1138 quoad
806 1060 1055 1124 cohabitationem
1076 1069 1190 1125 tantum

17 1153 244 1229 intelligendum
265 1162 327 1230 est3
343 1157 399 1220 hoc
413 1157 491 1219 enim
513 1158 625 1220 sufficit
638 1157 674 1220 ad
697 1158 809 1221 malum
830 1158 905 1221 illud
923 1161 1125 1239 avertendum,
1142 1177 1193 1224 nec

18 1250 105 1314 aliud
116 1267 217 1315 revera
230 1254 354 1330 probant
365 1261 548 1332 argumenta,
558 1271 635 1334 quae
645 1271 662 1318 a
674 1257 876 1319 defensoribus
886 1257 1004 1321 divortii
1020 1259 1195 1322 atteruntur.

64 1345 112 1412 14.
129 1346 360 1426 PsorosrmoY.
376 1348 556 1416 Divertium
570 1352 758 1432 perfeetum,
772 1353 807 1416 a'rr
826 1372 887 1434 quo
906 1373 970 1418 non
990 1354 1094 1418 solum
1106 1353 1198 1419 coba-

20 1444 134 1510 bilatr'o
153 1450 358 1526 remoueatur,
376 1448 605 1514 seditionarium
626 1452 720 1514 etiam
734 1451 873 1533 coniupii
886 1456 1008 1532 pereat
1023 1453 1196 1534 uperfecta

22 1543 149 1607 notione
169 1545 327 1610 societatis
347 1545 520 1627 conloquiis
535 1566 672 1627 prorsus
694 1547 880 1612 excluditur.

65 1640 165 1748 Proh
175 1641 252 1708 Nam
274 1645 388 1724 concipi
409 1647 510 1725 nequit
536 1662 605 1709 vera
635 1647 732 1710 unitas
758 1646 878 1710 moralis
903 1648 1029 1712 duarum
1056 1664 1196 1727 persona-

24 1703 165 1820 litatum,
175 1743 233 1807 nisi
260 1759 362 1807 earum
391 1745 556 1809 coniunctio
584 1746 763 1824 perennitate
791 1752 821 1810 et
848 1748 1023 1834 constantia,
1044 1763 1195 1828 nunquam

25 1842 187 1918 defectura,
210 1842 341 1906 donetur.
363 1841 403 1907 Et
432 1859 500 1908 sune
528 1843 590 1907 sola
617 1843 757 1924 cogitatio
784 1845 832 1908 vel
861 1843 993 1922 suspicio
1018 1845 1195 1923 hypothesis

26 1940 215 2019 obventuras,
236 1956 295 2019 qua
316 1939 467 2020 coniugale
488 1941 637 2004 vinculum
658 1941 787 2004 rescindi
814 1948 925 2021 posset,
945 1940 1034 2004 valde
1061 1941 1197 2004 debilitat

26 2038 57 2099 in
78 2036 254 2116 coniugibus
274 2053 404 2101 amorem
425 2038 519 2114 illum,
538 2054 598 2119 quo
625 2039 791 2102 arctissime
819 2039 963 2119 obstringi
991 2038 1113 2114 dehent;
1137 2056 1190 2103 nee

27 2133 114 2198 iacile
135 2135 215 2208 sinit
237 2141 269 2199 ut
295 2135 353 2214 ipsi
381 2151 413 2199 se
440 2136 626 2200 considerent
653 2143 805 2220 tamquam
833 2136 936 2200 eadem
963 2139 1025 2201 vita
1054 2137 1195 2211 viventes

28 2233 220 2311 eiusdemque
240 2234 330 2298 sortis
351 2234 467 2298 omuino
487 2235 656 2313 participes.
671 2232 736 2307 Quo
749 2233 827 2298 enim
842 2235 940 2299 animo
962 2251 1032 2313 pars
1047 2252 1104 2298 una
1125 2234 1199 2298 alte·

29 2345 96 2393 ram
110 2329 237 2394 adsciret
251 2331 310 2394 ad
301 2330 435 2395 intimam
450 2333 682 2396 communionem
701 2333 861 2396 affectuum
883 2349 1040 2412 rerumque
1055 2333 1197 2406 omnium,

28 2445 105 2508 quas
128 2428 267 2510 possidet
288 2429 346 2492 nisi
366 2429 446 2493 illam
462 2436 615 2509 tamquam
637 2439 776 2509 perpetuo
798 2431 836 2494 ad
857 2446 890 2494 se
904 2432 1096 2509 pertinentem
1117 2429 1200 2507 cogi·

30 2527 124 2590 taret?
140 2525 475 2608 communicatipetiam
491 2537 593 2591 mutua
609 2528 783 2602 bonorum,
775 2546 805 2590 m
821 2531 878 2592 hae
893 2529 1034 2592 societate
1049 2535 1201 2605 tantopere

29 2595 442 2706 requisita-labffictaretum
464 2624 533 2705 quia
554 2641 611 2689 non
632 2625 759 2703 amplius
787 2641 835 2689 res
863 2626 952 2687 unius
978 2632 1130 2704 tamquam
1160 2624 1198 2686 ad
1268 2694 1270 2700 ,

30 2723 157 2786 alterum
179 2737 272 2800 aeque
294 2723 469 2801 pertinentes
488 2729 699 2801 spectarentur
721 2723 773 2786 sed
794 2731 917 2802 uterque
938 2723 1045 2786 coniux
1067 2723 1200 2800 privatae

33 2817 171 2884 utilitatis
194 2820 311 2885 studio
304 2821 411 2899 iugiter
425 2826 597 2884 tentaretur.
613 2819 754 2884 Timenda
774 2821 851 2883 enim
867 2835 983 2898 semper
1001 2827 1079 2883 esset
1093 2819 1201 2884 divisio

32 2930 60 2981 et
80 2918 250 2981 omnimoda
270 2919 424 2997 separatio.
446 2917 575 2983 Tandem
598 2918 761 2997 aequalitas
783 2925 953 2982 contractus
969 2918 1053 2982 valde
1073 2918 1203 2981 laedere-

34 3027 94 3080 tur:
112 3017 222 3094 quippe
242 3031 310 3078 cum
331 3017 360 3078 in
382 3015 725 3096 hypothesisolubilium
747 3017 917 3095 nuptiarum
933 3016 1017 3096 longe
1031 3017 1149 3080 inferior
1164 3017 1206 3078 sit

33 3117 162 3180 conditio
182 3116 327 3190 mulieris,
347 3132 432 3195 quae,
448 3118 543 3194 primo
563 3117 728 3180 iuventutis
741 3118 814 3180 ilore
834 3124 865 3180 et
887 3117 1092 3195 praerogativa
1113 3116 1205 3194 virgi-

35 3215 138 3278 nitatis
159 3216 273 3289 orbata‚
294 3213 341 3277 vix
364 3222 416 3276 aut
435 3230 471 3276 ne
492 3216 541 3277 vix
561 3215 680 3292 quidem
702 3215 845 3277 inveniret
866 3214 915 3277 cui
940 3215 1047 3277 iterum
1069 3215 1203 3276 nuberet.
1272 3288 1276 3294 Ι

37 3309 75 3376 Ut
94 3312 230 3375 omittam
251 3312 392 3391 pericula,
412 3313 521 3391 quibus
542 3313 607 3390 ipsa
629 3320 726 3375 certae
752 3312 862 3375 sobolis
882 3314 1046 3389 procreatio
1078 3320 1108 3374 et
1134 3310 1206 3373 edu·

23 3399 113 3474 'catio
134 3411 318 3473 obiiceretur.
333 3408 467 3474 Proiecto
484 3411 619 3474 educatio
634 3410 681 3472 ius
696 3410 846 3489 quoddam
860 3420 906 3473 est
923 3409 1112 3484 indivisibile,
1126 3408 1204 3488 quod

37 3508 76 3570 ad
96 3511 252 3587 utrumque
273 3515 423 3586 parentem
446 3508 533 3571 simul
554 3517 727 3587 spectrum
747 3509 832 3572 ouius
853 3509 1026 3572 exercitium
1044 3524 1133 3586 paene
1147 3521 1207 3570 ter·

38 3607 111 3669 tiam
133 3615 242 3682 partem
264 3607 342 3670 vitae
362 3603 492 3670 illorum
513 3613 646 3685 occupat.
668 3604 822 3682 Quomodo
848 3607 941 3684 igitur
962 3607 1045 3674 iuxta
1072 3605 1205 3668 ordinem

38 3711 160 3768 naturae
180 3705 281 3784 perfici
302 3706 419 3784 poterit,
441 3706 495 3767 nisi
521 3705 636 3769 stabilis
663 3713 692 3768 et
712 3713 854 3784 perpetua
884 3704 1011 3768 societas
1040 3703 1207 3782 coniugalis

40 3803 206 3868 habeatur?

78 3899 170 3984 Facta
185 3901 397 3966 demonstratio
410 3902 540 3965 ostendit
552 3901 670 3980 quidem
687 3901 837 3965 vinculum
851 3899 1013 3979 coniugale,
1027 3914 1079 3977 per
1092 3916 1124 3963 se
1142 3914 1209 3978 spc-

38 4008 161 4073 ctatum
182 3994 384 4062 indissolubile
404 4014 469 4063 esse
489 3999 553 4062 iure
573 4007 704 4062 naturae.
726 3996 929 4061 Nihilominus
951 3997 1119 4076 contingere
1139 4013 1212 4076 pos·
1268 4061 1272 4068 ,

38 4107 106 4162 sunt
125 4107 243 4175 eventa,
263 4114 316 4178 pro
335 4099 444 4178 quibus
466 4099 538 4161 baec
559 4097 804 4160 indissolubilibus
819 4113 876 4160 uon
898 4097 972 4160 satis
991 4097 1142 4160 euidenter
1156 4112 1208 4174 ap-

39 4204 150 4278 pareat.
163 4195 220 4261 ‹Si
231 4197 460 4268 consideramus,
471 4195 567 4274 inquit
578 4193 783 4274 Bellarminus,
796 4195 1020 4260 matrimonium
1032 4204 1066 4259 ut
1077 4196 1208 4260 officium

39 4302 161 4360 naturae
187 4297 225 4359 ad
253 4294 471 4375 propagandam
498 4294 640 4369 subolem,
661 4309 747 4374 aegre
774 4302 873 4372 potest
894 4295 977 4359 reddi
998 4294 1075 4360 ratio
1096 4310 1150 4360 cur
1169 4295 1209 4356 ob
