3159 4934
309 315 361 371 tta
595 330 638 371 rus
657 328 783 371 urrunsa
801 345 810 355 ·
829 327 896 369 rans
914 327 932 370 r.
951 328 994 371 rus
1012 326 1183 368 ruorvmuaxn

769 618 940 683 Anrrcnuns
967 617 1017 683 iii.

589 752 639 817 De
658 752 841 816 necessitate
858 754 1009 815 enimenta
1028 752 1068 815 aa
1089 751 1190 833 efficta

347 929 395 995 ii.
407 928 482 1014 Quid
497 928 578 999 irase
593 911 781 998 necessitas.
794 929 972 1010 Contingunt
985 932 1160 1011 quandoque
1174 940 1315 1013 tempora,
1327 932 1356 993 iu
1368 933 1481 1011 quibus

307 1032 405 1109 homo,
427 1031 490 1093 sine
511 1029 640 1109 periculo
653 1030 834 1092 imminentis
855 1030 1006 1092 cuiusdam
1029 1028 1108 1103 mali,
1130 1030 1263 1093 officium
1283 1030 1407 1109 implere
1421 1046 1480 1094 non

307 1137 414 1209 potest.
429 1127 532 1192 Status
546 1129 596 1191 iric
611 1129 771 1191 necessitas
786 1126 961 1205 appellator.
976 1126 1050 1190 Cum
1073 1142 1142 1192 vero
1157 1129 1213 1190 hoc
1234 1127 1347 1206 incidit,
1367 1128 1394 1190 si
1407 1142 1481 1191 con·

309 1226 448 1291 sideratio
469 1226 581 1288 ordinis
597 1225 755 1303 persuadet
775 1240 810 1287 eo
831 1234 961 1302 tempme
981 1224 1111 1288 officium
1124 1240 1181 1287 non
1196 1225 1336 1304 obligare,
1350 1225 1481 1289 facultas

306 1339 381 1402 quae
403 1332 472 1387 tunc
493 1323 590 1387 oritur
616 1339 649 1385 se
669 1324 748 1386 iuste
771 1323 923 1386 eximendi
943 1325 981 1386 ab
1002 1324 1111 1396 officio,
1135 1323 1185 1384 ius
1209 1322 1405 1385 necessitatis
1427 1338 1482 1387 no-

307 1422 412 1484 minari
434 1422 522 1495 solet;
543 1436 599 1485 noo
615 1421 694 1499 quod
714 1422 778 1499 ipsa
795 1422 957 1483 necessitas
978 1421 1025 1483 ius
1044 1420 1214 1494 constituat,
1229 1420 1281 1483 scd
1301 1421 1370 1499 quia
1391 1436 1482 1483 occa·

306 1521 386 1582 sione
410 1518 597 1582 necessitatis
622 1526 744 1597 apparet
765 1518 836 1597 quid
863 1518 1015 1589 insterni,
1036 1517 1107 1596 quid
1134 1532 1231 1580 secus.
1251 1515 1356 1596 Imque
1377 1517 1481 1581 discu-

307 1617 437 1681 tiendum
455 1604 588 1681 'breviter
608 1626 655 1680 est
676 1616 837 1696 quandoid
857 1615 956 1680 locum
971 1615 1071 1688 habet,
1084 1631 1120 1678 ne
1140 1616 1209 1693 quis
1230 1630 1366 1692 perversa
1389 1618 1484 1678 inter·

306 1716 467 1794 pretatione
495 1715 575 1777 illius
599 1716 702 1778 allati:
730 1714 899 1779 necessitas
929 1731 993 1776 non
1019 1709 1110 1775 tabet
1135 1710 1242 1791 lepena
1270 1712 1482 1790 intemperanti

304 1814 438 1876 licentiae
458 1813 557 1876 lraena
578 1810 667 1875 laxet.
689 1811 738 1874 Ad
757 1811 901 1875 iudicium
924 1812 981 1873 hoc
1005 1811 1061 1873 rite
1085 1810 1245 1888 terendum,
1268 1810 1327 1875 duo
1349 1811 1481 1873 mautari

305 1917 436 1989 oportet:
468 1916 604 1973 naturam
635 1908 821 1973 necessitatis
840 1924 917 1988 quac
939 1915 1054 1988 urgeat,
1080 1917 1110 1972 et
1130 1915 1266 1972 naturam
1288 1909 1377 1972 officii
1398 1910 1481 1987 quod

304 2016 384 2073 esset
403 2008 705 2087 praetermittendum.

344 2102 393 2173 23.
417 2100 598 2171 Necessitas
619 2102 764 2171 absoluta
779 2108 811 2171 et
824 2101 1030 2190 hypothetica.
1052 2104 1101 2168 Ad
1122 2107 1325 2169 nemssitatem
1338 2106 1418 2185 quad
1432 2116 1487 2170 at-

304 2203 386 2278 tinet,
414 2218 448 2265 ea
479 2203 605 2280 primum
633 2202 786 2280 dispartiri
818 2209 916 2280 potest
936 2204 965 2264 in
985 2200 1161 2265 absolutam
1184 2211 1215 2266 et
1239 2200 1480 2284 hypotheticam.
1575 2279 1576 2284 ἵ

304 2301 482 2366 Absolutam
495 2300 633 2374 dicimus,
647 2315 724 2380 quae
738 2299 966 2377 independenter
980 2317 997 2361 a
1012 2301 1108 2374 nobis,
1122 2300 1203 2363 nulla
1222 2300 1279 2363 alia
1301 2303 1415 2366 ratione
1429 2303 1485 2366 de-

304 2400 407 2464 clinari
430 2406 640 2479 potestantem
664 2397 819 2463 violatione
840 2398 944 2474 officii;
967 2399 1189 2478 hypotheticam
1204 2416 1283 2475 vero,
1297 2416 1374 2479 quae
1389 2402 1482 2465 vitari

303 2498 405 2577 nequit
423 2503 544 2577 propter
565 2496 807 2558 circumstantias
826 2495 855 2557 in
876 2512 951 2573 quas
972 2495 1080 2574 aliquis
1094 2512 1126 2558 se
1146 2505 1251 2574 sponte
1264 2498 1433 2574 constituit,
1446 2509 1481 2562 et
1574 2509 1575 2512 ’

303 2612 379 2675 quae
400 2597 438 2660 ab
458 2597 522 2674 ipso
543 2595 689 2658 removeri
705 2602 834 2672 possunt.
849 2591 891 2657 Ut
910 2593 996 2657 facile
1018 2601 1108 2671 patet,
1128 2596 1204 2657 haee
1223 2596 1356 2658 ncunda
1377 2613 1485 2661 neces·

305 2695 379 2756 sites
401 2695 449 2756 ius
471 2692 584 2755 nullum
610 2693 732 2766 tribuit;
755 2692 902 2771 siquidem
922 2693 1141 2756 excusationem
1163 2692 1273 2755 nullam
1296 2702 1429 2757 meretur
1442 2695 1482 2773 is,

303 2790 355 2868 qni
369 2790 498 2868 prudens
511 2798 541 2853 et
557 2789 655 2854 volens
673 2790 913 2869 impedimentum
936 2791 1057 2869 apponit
1069 2791 1175 2856 officio.
1190 2790 1234 2856 Ea
1249 2793 1341 2871 igitur
1354 2793 1481 2870 omissa,
1573 2825 1574 2836 κ

304 2887 469 2951 absolutam
490 2889 645 2951 dumtaxat
666 2890 869 2953 necessitatem
891 2890 1121 2954 consideremus.

343 2980 390 3045 24.
401 2981 527 3069 Triplex
542 3000 642 3069 penus
658 2982 858 3053 necessitatis
871 2977 1045 3066 absolutae,
1057 2984 1258 3071 etquodnam
1270 3003 1309 3055 ex
1322 2985 1482 3058 iris'excu·

304 3097 379 3148 sare
394 3086 506 3166 polest.
522 3080 717 3145 Necessitatis
731 3083 881 3150 absolutae
902 3084 1008 3163 triplex
1021 3100 1113 3163 genus
1127 3085 1310 3164 assignatur:
1327 3090 1482 3162 extranca,

299 3179 412 3259 pravis
438 3186 469 3242 et
495 3180 674 3243 cannonis.
696 3178 837 3244 Extrema
859 3179 977 3256 dicitur,
999 3198 1068 3245 com
1088 3183 1165 3261 quis,
1188 3190 1222 3246 ut
1244 3193 1349 3262 pareat
1366 3186 1484 3263 officio,

302 3279 452 3341 incurrere
466 3277 553 3341 debet
567 3278 729 3356 periculum
746 3280 824 3342 vitae
838 3279 952 3344 aliusve
966 3280 1048 3358 maii,
1061 3281 1141 3359 quaod
1160 3290 1256 3344 morte
1276 3297 1333 3345 non
1354 3284 1484 3348 interius

302 3382 463 3453 reputetur.
478 3374 545 3439 Erit
565 3374 674 3454 gravis,
689 3392 757 3439 oum
773 3386 859 3455 urget
879 3377 991 3441 malum
1006 3379 1126 3441 minime
1141 3380 1350 3457 spernendum,
1368 3397 1415 3445 ex.
1433 3400 1483 3463 gr.

302 3472 430 3537 nombiie
451 3473 659 3537 detrimentum
681 3475 830 3549 sanitatis,
851 3491 909 3538 non
929 3475 1003 3539 levis
1028 3485 1095 3540 nota
1118 3478 1282 3552 dedecoris,
1303 3495 1412 3560 magna
1438 3485 1484 3546 rei

302 3571 456 3635 lamiliaris
476 3571 600 3646 iactura,
620 3580 650 3635 et
680 3572 736 3635 alia
758 3575 875 3652 generis
896 3574 1035 3637 eiusdem.
1057 3572 1188 3639 Tandem
1209 3578 1376 3640 necessitas
1398 3595 1486 3643 com

303 3671 399 3732 monis
419 3669 537 3743 dicitur,
554 3684 623 3731 cum
644 3670 754 3732 malum
769 3672 904 3734 imminet
917 3682 1101 3748 consuetum,
1122 3690 1176 3738 uec
1196 3677 1295 3755 magni
1317 3680 1482 3754 momenti3

302 3775 335 3829 ut
354 3768 474 3832 amissio
496 3782 587 3845 parva
608 3767 760 3841 bonorum,
780 3768 855 3831 levis
880 3770 1041 3843 calumnia,
1061 3778 1248 3850 contemptus
1269 3773 1484 3839 nonnullorum

301 3873 332 3926 et
352 3865 467 3928 similia.
483 3862 575 3929 Porro
596 3865 703 3929 nemini
723 3865 848 3929 dubium
862 3874 907 3929 est
927 3867 999 3945 quin
1014 3867 1089 3930 haec
1111 3870 1197 3932 tertia
1218 3871 1382 3935 necessitas
1404 3873 1486 3939 obli·

301 3961 447 4039 gerionem
462 3964 553 4027 officii
566 3980 718 4043 nunquam
733 3963 838 4028 solvat.
854 3962 885 4028 Si
900 3965 978 4027 enim
992 3964 1118 4044 quodvis
1132 3967 1242 4030 malum
1265 3968 1426 4035 imminens
1442 3974 1486 4037 ab

300 4056 457 4134 implendis
472 4061 577 4124 officiis
597 4077 651 4125 nos
669 4068 840 4136 excusaret;
861 4079 917 4135 non
939 4060 1035 4124 solnm
1048 4061 1141 4128 libero
1161 4065 1309 4129 virtutum
1324 4069 1484 4149 exercitio,

286 4153 354 4217 'sed
374 4156 453 4218 omni
474 4156 559 4233 plane
584 4173 698 4221 morum
725 4160 873 4222 honestati
903 4157 1125 4223 valedicendum
1151 4162 1303 4241 essetin
1327 4170 1486 4244 praesenti

299 4250 378 4315 enim
399 4251 476 4316 vitae
498 4261 578 4317 statu
600 4255 726 4333 (adiecta
747 4259 922 4334 praesertim
949 4257 1150 4336 improborum
1171 4261 1326 4327 hominurn
1351 4266 1486 4348 malitia)
