3159 4934
422 296 507 339 canuc
525 295 550 338 n.
563 298 598 340 nn
615 297 755 340 sociarara
773 299 851 340 civim
1009 352 1013 359 ,
1170 285 1221 342 aot

52 427 132 493 qnae
152 410 294 488 cuiusque
315 409 444 473 hominis
458 416 528 471 sunt
550 409 677 488 propria.
692 408 790 485 Quare
804 426 888 473 suam
904 411 1048 489 privatam
1067 413 1224 476 utilitatem

52 515 190 587 spectare
212 513 316 584 potest,
336 506 416 585 quod
437 522 592 570 commune
612 515 659 569 cst
679 508 784 570 ceteris
798 509 923 582 civibus,
943 525 979 572 ac
1001 511 1142 588 peculiari
1158 527 1228 590 pro-

54 609 181 684 prietate
203 605 341 684 gaudere,
361 620 453 683 qnam
474 605 512 668 ad
531 616 618 668 suum
635 621 691 669 non
706 607 744 668 ad
759 607 882 669 aliorum
897 609 1127 672 emolumentum
1141 612 1228 675 adbi-

53 706 131 766 beat.
147 703 190 767 At
209 703 252 765 ita
273 718 329 766 non
344 699 400 776 est,
416 703 442 765 si
456 711 607 781 spectatur
622 711 655 766 ut
669 704 811 783 superior,
827 720 880 767 seu
895 715 928 767 ut
942 706 1109 770 subiectum
1124 718 1227 773 ancto-

53 803 144 866 ritate
164 809 310 865 ornatum.
327 799 376 865 Sic
398 803 475 865 enim
489 802 595 865 officiis
616 809 646 864 et
666 802 782 865 iuribus
796 804 952 866 instruitur
973 803 1087 868 altioris
1102 809 1226 886 generis,

53 899 212 978 dequibus
227 900 365 977 deinceps
381 899 574 974 disseremus,
586 915 638 963 nec
653 900 800 977 privatam
812 900 860 963 sui
874 901 925 963 sed
940 917 1124 966 communem
1136 905 1227 967 totius

52 997 186 1074 corporis
201 996 320 1060 socialis
336 997 498 1060 utilitatem
512 997 652 1072 intuetur,
667 997 807 1076 adquam
824 999 944 1076 proinde
958 1000 1060 1078 dirigit
1071 1017 1106 1063 ea
1119 1002 1228 1076 omnia,

53 1110 132 1173 quae
152 1095 268 1156 nomine
289 1095 479 1158 auctoritatis
501 1095 538 1156 ab
566 1096 630 1173 ipso
652 1095 842 1174 possidentur
862 1105 950 1175 atque
974 1098 1226 1162 administrantur.

54 1193 155 1269 Atque
176 1192 233 1256 hoc
254 1208 341 1255 sensu
356 1192 414 1256 dici
429 1193 502 1256 solet
524 1208 580 1255 nnn
597 1193 737 1271 populum
753 1202 874 1272 propter
888 1197 1059 1273 principem,
1076 1197 1127 1260 sed
1148 1198 1227 1275 prin-

51 1291 151 1367 cipem
177 1306 241 1353 esse
268 1297 386 1369 propter
412 1290 561 1369 populum.
587 1288 653 1354 Non
677 1292 755 1355 enim
782 1292 893 1356 idcirco
913 1301 1012 1356 exstat
1035 1304 1066 1357 et
1089 1304 1227 1373 operatur

53 1387 191 1466 populns,
214 1397 247 1450 ut
268 1389 393 1467 principi
415 1390 486 1453 bene
507 1391 560 1464 sit;
582 1389 613 1451 id
634 1391 711 1452 enim
741 1405 894 1452 servorum
916 1399 964 1453 cst
984 1393 1151 1471 proprium:
1170 1394 1226 1458 'sed

51 1488 167 1550 idcirco
181 1496 267 1551 estet
281 1496 420 1566 operatur
435 1489 579 1566 princeps,
594 1494 626 1549 nt
642 1488 739 1567 populi
754 1488 835 1551 salus
850 1506 886 1551 ac
899 1489 1024 1552 felicitas
1038 1498 1226 1569 procuretur;

52 1601 115 1657 seu,
138 1585 242 1650 melius
264 1586 371 1660 dicant,
391 1586 503 1650 idcirco
517 1596 585 1649 sunt
605 1593 635 1649 et
656 1594 816 1664 operantur
836 1587 963 1665 populns
983 1595 1013 1650 et
1034 1591 1178 1668 princeps,
1195 1599 1227 1651 ut

52 1682 169 1760 integra
191 1683 327 1758 societas,
348 1699 424 1762 qnae
444 1699 481 1746 en
502 1692 627 1762 utroque
651 1684 801 1764 coalescit,
823 1684 1028 1762 perlectionem
1048 1687 1176 1765 attingat
1196 1698 1226 1750 et

51 1780 194 1843 felicitate
215 1781 340 1843 lrnatur.

94 1876 267 1941 Subiectum
282 1895 414 1942 summae
435 1880 589 1958 potestatis
602 1895 669 1944 esse
690 1886 788 1958 potest
810 1880 854 1942 vel
877 1896 1001 1957 persona
1017 1883 1153 1961 physica,
1174 1898 1225 1945 seu

50 1979 144 2038 bomo
164 1977 346 2050 individuus,
369 1977 414 2040 vel
442 1993 567 2054 persona
595 1977 724 2049 moralis,
746 1993 798 2040 seu
827 1985 929 2040 coetus
953 1977 1091 2057 plurium,
1116 1981 1169 2057 qui
1197 1983 1226 2043 io

54 2091 148 2137 unum
170 2073 443 2138 conveniant'Hinc
464 2076 598 2139 diversae
618 2076 727 2138 formae
749 2076 902 2154 regiminis
921 2078 1066 2156 oriuntur,
1088 2085 1176 2156 prout
1197 2079 1227 2140 in

54 2191 115 2235 uno
137 2181 189 2236 aut
204 2173 338 2251 pluribus
359 2189 475 2236 summa
496 2174 658 2236 auctoritas
673 2173 791 2247 residet,
812 2184 842 2235 et
856 2173 976 2236 diversa
991 2176 1177 2252 proportione
1191 2191 1227 2238 ac

51 2280 286 2348 temperamento
297 2271 360 2333 eius
375 2271 547 2334 exercitium
563 2287 580 2332 a
595 2271 708 2349 legibus
721 2271 989 2334 fundamentalibus
1003 2272 1224 2335 determinatur.

53 2367 134 2431 Nam
156 2366 227 2432 licet
248 2369 408 2433 auctoritas
435 2370 570 2432 societati
596 2369 635 2431 sit
662 2370 837 2442 essentialis,
858 2384 951 2447 caque
979 2383 1088 2444 carere,
1108 2371 1227 2433 etiamsi

53 2481 158 2528 omnes
172 2466 366 2539 consentiant,
380 2465 462 2528 nulla
476 2467 602 2529 societas
617 2467 711 2543 possit
726 2465 846 2544 (quippe
860 2474 965 2527 natura
980 2481 1079 2528 rernm
1094 2483 1111 2528 a
1127 2466 1228 2529 volun·

55 2573 118 2627 tate
140 2564 292 2627 hominnm
315 2580 371 2626 non
394 2563 526 2642 pendet);
554 2573 650 2626 tamen
672 2564 848 2636 subiectum,
875 2562 1038 2640 quodcum
1069 2564 1228 2640 possideat,

52 2661 173 2725 nonnisi
194 2679 210 2723 a
232 2663 309 2725 lacto
324 2663 425 2739 aliquo
439 2662 569 2724 humano
583 2660 804 2734 determinatur,
819 2677 855 2723 ac
870 2661 990 2737 proinde
1005 2661 1114 2723 variari
1130 2661 1228 2724 multi·

53 2761 162 2823 leriam
175 2768 278 2838 potest.
291 2759 368 2823 Hinc
383 2761 520 2822 diversae
534 2761 644 2822 formae
655 2759 809 2836 regiminis
824 2759 980 2832 exsistunt,
992 2774 1046 2836 pro
1057 2759 1228 2821 diversitate

52 2859 148 2922 huius
171 2859 296 2922 subiecti
317 2875 351 2921 ac
373 2874 425 2936 pro
446 2859 587 2921 varietate
601 2857 675 2922 iuris
688 2872 747 2935 quo
762 2855 819 2934 ipsi
833 2856 984 2934 competit,
998 2864 1132 2934 respectu
1152 2857 1229 2919 mul·

55 2957 195 3020 titudinis
217 2956 394 3034 dirigendae.
819 2949 822 2954 ’

95 3051 146 3118 63.
170 3051 242 3121 Eius
268 3051 413 3119 diversae
443 3050 577 3137 species.
606 3051 670 3116 Hae
697 3052 817 3132 formae,
846 3050 1068 3131 generalissima
1096 3052 1225 3130 quadarn

55 3153 225 3230 partitione,
246 3152 284 3214 ad
306 3153 455 3229 simplices
477 3152 523 3212 vel
545 3152 725 3228 compositas
747 3149 935 3213 reducuntur.
958 3149 1028 3214 lllac
1049 3158 1128 3223 sunt,
1150 3165 1226 3227 quae

54 3265 93 3312 ex
115 3249 349 3327 simplicioribus
370 3250 489 3310 minime
509 3256 661 3322 constant3
682 3256 711 3310 ct
732 3247 926 3311 communiter
947 3247 1089 3310 recenseri
1116 3246 1227 3308 solent:
1323 3325 1325 3329 ι

55 3345 259 3424 Mounichia,
280 3346 502 3422 Aristocraten
525 3344 733 3410 Democroiio.
762 3344 898 3409 Habetnr
924 3334 1105 3418 Monarchia,
1127 3345 1152 3405 si
1176 3361 1229 3406 sn-

57 3462 161 3526 prema
182 3454 314 3525 potestas
336 3446 416 3524 apud
437 3445 586 3507 hominem
612 3445 720 3507 residet
749 3446 939 3523 singularem,
964 3445 1014 3521 qni
1029 3444 1089 3505 >ius
1117 3443 1228 3505 habeat
1286 3433 1290 3442 ’

58 3545 242 3624 gubernandi
262 3540 443 3618 societatem,
464 3543 577 3606 sivein
598 3545 654 3606 hoc
676 3544 705 3605 vi
726 3542 824 3621 legum
850 3533 1111 3604 lundomentalinm
1138 3542 1228 3603 certis

59 3644 206 3708 limitibus
226 3643 440 3721 adstringatur,
456 3643 519 3704 sive
541 3642 677 3706 absoluta
698 3657 733 3704 ac
754 3641 844 3704 nullis
865 3641 986 3703 statutis
1006 3640 1126 3702 definita
1147 3648 1228 3716 pote-

60 3749 141 3804 state
164 3743 300 3822 gaudeat.
322 3738 455 3820 Utroque
483 3747 582 3803 antem
611 3755 699 3802 sensu
726 3748 848 3818 accepta
875 3738 1018 3801 eiusmodi
1046 3736 1227 3816 gubernandi

55 3842 152 3903 torma
167 3839 274 3918 oppido
288 3839 495 3916 distinguenda
506 3845 550 3900 est
561 3855 578 3900 a
590 3837 777 3914 despotismo.
789 3835 905 3898 Etenim
916 3835 1061 3912 despotici
1076 3833 1228 3912 regiminis

55 3940 151 4003 forma
174 3939 210 4018 (si
232 3953 300 4000 vere
320 3938 414 4000 lorma
435 3935 586 4014 regiminis
608 3935 666 3996 dici
688 3933 794 4012 possit)
809 3933 858 3996 illa
872 3941 928 4006 est,
942 3933 971 3995 in
992 3949 1050 4011 qua
1072 3933 1170 3994 omnia
1191 3932 1229 3994 ad

56 4037 216 4102 arbitrium
231 4044 262 4099 et
277 4036 456 4099 voluntatem
473 4033 604 4110 supremi
618 4032 790 4111 imperantis
806 4033 1011 4105 decernuntur,
1025 4032 1097 4109 quin
1111 4030 1229 4111 legibus

57 4137 265 4201 constantibus
286 4133 447 4212 parendum
476 4133 528 4204 sit;
551 4130 673 4208 eiusque
699 4119 826 4192 formula
854 4130 910 4192 lnoc
938 4130 1017 4192 dicto
1046 4131 1228 4193 continetur:

58 4234 135 4298 ctat
156 4251 219 4314 pro
246 4232 385 4297 rationes
412 4228 567 4294 noluntas.
589 4226 765 4296 Huiusmodi
790 4229 884 4290 lorma
912 4244 969 4292 non
998 4237 1058 4292 tam
1086 4229 1232 4308 regimen,
