3159 4934
773 328 913 369 stulta

638 554 813 620 Solvuntur
832 554 1043 636 difficultates.

295 733 343 798 34.
366 733 474 798 Contra
497 739 614 798 tertiam
637 734 864 813 propositionem
884 736 927 797 sic
947 734 1049 797 obiicit
1066 732 1297 796 Pudendoriius:
1313 754 1331 790 ‹
1346 730 1423 794 Cum

254 834 402 907 honestas,
414 835 475 896 sive
489 834 651 895 necessitas
665 832 795 906 moralis,
807 841 837 894 et
852 832 1003 909 turpitudo
1017 833 1077 894 sint
1090 831 1258 907 affectiones
1272 831 1421 892 actionum

253 932 462 1004 humanarum,
472 939 554 992 ortae
565 945 600 992 ex
613 930 811 992 convenientia
824 937 875 992 aut
886 929 1130 993 disconvenientia
1142 945 1159 990 a
1171 944 1273 991 norma
1285 919 1338 989 seu
1348 927 1425 1004 lege,

252 1027 299 1089 lex
322 1043 391 1090 varo
412 1029 452 1090 sit
472 1031 588 1090 iussum
609 1028 787 1105 superioris3
807 1044 863 1091 ooo
883 1036 1006 1107 apparet
1032 1027 1177 1105 quomodo
1204 1027 1345 1089 honestas
1372 1035 1428 1085 aut

254 1125 409 1204 turpitudo
431 1125 555 1204 intelligi
581 1125 674 1204 possit
701 1132 768 1188 ante
796 1125 889 1204 legem
917 1135 948 1188 ct
973 1125 1049 1188 citra
1074 1125 1235 1202 superioris
1260 1123 1428 1200 impositio·

253 1239 320 1286 litim
336 1222 419 1300 (1).»

294 1318 331 1382 R.
358 1318 515 1383 Couiuudit
535 1321 585 1384 bic
606 1319 820 1384 Pudeodorfius
840 1319 933 1399 legero
956 1328 1044 1398 prout
1064 1320 1101 1382 ad
1127 1319 1309 1382 voluntatem
1336 1311 1429 1380 reie‘r·

255 1425 313 1491 tur,
337 1433 406 1480 cum
428 1425 545 1480 aeterna
567 1417 621 1482 Dei
643 1419 797 1496 sapientia,
817 1433 893 1496 quae
914 1433 1051 1480 mensura
1072 1426 1117 1480 est
1139 1426 1169 1480 et
1196 1417 1296 1495 regula
1325 1433 1427 1480 rerum

254 1517 397 1579 omniurn.
420 1513 494 1579 Cum
515 1517 603 1590 enim,
624 1525 658 1577 ut
679 1518 708 1578 iu
730 1514 934 1594 Metapbysica
960 1516 1226 1578 demonstravimus
1249 1511 1301 1594 (2),
1329 1531 1429 1578 essen

256 1615 316 1676 tiae
340 1629 436 1676 rerum
453 1629 489 1676 ex
504 1613 603 1676 divino
622 1613 782 1686 intellectu,
797 1614 925 1675 divinam
947 1613 1101 1675 essentiam
1116 1612 1340 1692 contemplante,
1357 1629 1429 1691 peu·

255 1713 353 1790 deaut,
374 1712 412 1773 ab
432 1712 554 1788 ipsoque
568 1725 668 1773 earum
684 1712 855 1774 constitutio
868 1718 898 1773 et
911 1711 1094 1774 necessariae
1115 1712 1308 1788 proprietates
1328 1727 1363 1773 ac
1377 1727 1427 1774 re-

256 1807 378 1870 lationes
392 1808 636 1880 determinentur;
651 1807 760 1885 optime
774 1809 882 1870 dicitur
897 1807 1049 1870 moralitas
1063 1810 1211 1871 actionum
1225 1810 1426 1871 humanarum

252 1905 370 1994 'babere
395 1920 447 1982 pro
468 1905 545 1966 tonte
569 1905 665 1981 ipsam
690 1904 818 1966 divinam
843 1905 1027 1983 sapientiam,
1051 1905 1175 1983 quaein
1197 1921 1295 1967 rerum
1318 1916 1427 1970 natura

261 2002 382 2075 relucet,
403 2011 433 2063 et
446 2001 531 2063 cuius
552 2001 642 2064 veluti
660 2002 805 2079 quaedam
820 2003 1007 2079 participatio
1026 2011 1072 2064 est
1092 2003 1189 2064 lumen
1211 2004 1343 2079 rationis,
1365 2021 1429 2082 quo

257 2102 431 2164 naturaliter
452 2103 587 2164 instructi
609 2118 722 2165 sumus.
744 2101 841 2175 Quare
862 2102 887 2163 si
908 2101 982 2178 legis
1003 2102 1119 2164 nomine
1138 2102 1215 2163 bane
1233 2099 1289 2164 Dei
1310 2101 1429 2177 sapien-

264 2203 335 2264 tiam
356 2201 532 2280 intelligeret
554 2199 779 2273 policronius,
801 2199 859 2275 ipsi
879 2199 1001 2260 libenter
1015 2199 1242 2270 assentiremur3
1263 2206 1293 2260 et
1314 2198 1430 2260 discre-

255 2301 354 2378 pantia
371 2308 484 2362 tautum
500 2308 579 2362 esset
593 2299 622 2360 iu
644 2299 773 2360 vocibus.
788 2297 831 2359 At
850 2297 912 2375 ipse
933 2297 1047 2359 nomine
1067 2296 1140 2374 legis
1160 2296 1283 2358 liberam
1306 2294 1361 2358 Dei
1378 2297 1430 2356 di-

257 2400 446 2478 spositionem
462 2405 599 2474 usurpat;
614 2411 683 2458 cum
704 2404 805 2457 contra
827 2393 881 2458 Dei
903 2395 1043 2471 sapientia
1064 2393 1095 2454 iu
1115 2394 1251 2456 essentiis
1272 2409 1373 2455 rerum
1395 2405 1428 2456 et

203 2551 213 2574 ,
260 2497 459 2570 relationibus,
487 2510 561 2572 quae
592 2493 660 2555 inde
686 2498 867 2570 promanant,
892 2492 1089 2569 concipiendis
1112 2490 1275 2553 benemoria
1294 2492 1344 2564 sit,
1369 2507 1429 2554 uon

255 2597 354 2658 libera.
1456 2593 1461 2602 '

296 2691 422 2754 Instat:
445 2713 462 2747 a
484 2688 541 2760 Qui
562 2689 636 2752 citra
660 2689 873 2767 impositionem
900 2687 1040 2759 divinam,
1067 2684 1243 2748 moralitatis
1270 2685 1426 2748 actionum

259 2791 455 2851 humanarum
477 2794 624 2849 aeternam
645 2786 773 2864 aliquam
796 2777 930 2847 statuunt
946 2784 1087 2862 regulam,
1102 2783 1175 2844 nihil
1189 2783 1270 2844 aliud
1285 2783 1428 2845 videntur

258 2902 355 2966 agere,
376 2901 466 2964 quam
489 2895 521 2946 ut
550 2883 610 2948 Deo
638 2885 800 2962 adiungaut
827 2883 1003 2961 principium
1029 2880 1148 2958 aliquod
1179 2890 1367 2944 coaeternum
1394 2892 1430 2945 >et

253 2985 461 3053 extrinsecum,
482 2981 560 3059 quod
580 2982 643 3058 ipse
664 2983 693 3042 in
714 2981 898 3059 assignandis
920 2994 1017 3041 rerum
1030 2979 1141 3042 dormis
1164 2979 1247 3056 sequi
1265 2994 1426 3042 necessum

254 3082 394 3145 babuerit
407 3079 458 3160 (3).
473 3101 490 3137 »

198 3206 204 3220 ·
293 3178 329 3243 R.
342 3178 430 3258 Nego
446 3193 574 3255 prorsus.
589 3175 695 3240 Divina
710 3175 863 3253 sapientia,
877 3188 966 3251 quam
982 3172 1060 3236 Deus
1074 3173 1103 3233 iu
1118 3172 1306 3251 assignandis
1320 3189 1426 3236 rerum

253 3278 355 3342 termis
383 3277 526 3355 sequitur,
547 3291 602 3337 ooo
634 3281 680 3336 est
710 3273 822 3351 aliquid
852 3270 914 3334 Deo
941 3271 1149 3343 extrinsecum,
1170 3272 1426 3348 quemadmodum

258 3378 354 3453 inepte
369 3375 453 3452 fingit
469 3373 669 3444 adversarius;
684 3385 736 3432 uec
751 3369 905 3447 quisquam
920 3384 937 3430 e
951 3376 1068 3429 nostrae
1083 3369 1243 3432 sententiae
1255 3369 1429 3432 fautoribus

254 3473 415 3536 absurdum
437 3470 511 3531 illud
531 3477 660 3546 uuquam
676 3467 841 3530 somniavit.
856 3463 912 3526 Sed
927 3480 1028 3526 omues
1044 3465 1221 3528 unanimiter
1235 3465 1288 3529 Dei
1305 3470 1430 3545 sapien-

254 3571 325 3632 tiam
348 3584 438 3630 uuum
461 3568 596 3643 idemque
617 3579 685 3627 cum
706 3561 767 3626 Deo
787 3563 862 3639 ipso,
883 3561 921 3622 ad
943 3561 1104 3622 realitatem
1126 3563 1206 3639 quod
1226 3564 1344 3638 attinet,
1359 3582 1430 3628 esse

255 3674 436 3740 statuerunt,
450 3679 574 3742 eamque
588 3665 617 3724 in
633 3662 694 3723 suis
708 3659 918 3722 dictaminibus
932 3674 947 3718 a
963 3659 1061 3719 diviua
1082 3662 1219 3733 essentia,
1233 3677 1310 3738 quae
1325 3679 1430 3726 exem-

253 3763 318 3841 plar
329 3779 498 3841 supremum
514 3771 560 3823 est
575 3775 672 3822 rerum
687 3757 827 3834 omniurn,
842 3755 1063 3816 tundamentum
1077 3754 1231 3819 desumere
1246 3758 1427 3824 docuerunt.

301 3857 396 3936 Urpet
416 3858 517 3922 eodem
539 3857 618 3920 loco:
635 3877 652 3912 «
667 3853 698 3918 Si
712 3867 839 3931 quaeras
853 3867 889 3913 ex
903 3851 971 3912 istis
985 3851 1166 3913 homiuibus:
1186 3855 1222 3914 de
1242 3857 1428 3932 quibusnam

252 3959 316 4036 lege
337 3963 459 4018 naturae
480 3953 670 4033 disponatur?
692 3950 879 4029 respondent:
901 3949 938 4010 de
958 3949 1004 4022 iis,
1025 3964 1100 4026 quae
1122 3965 1173 4027 per
1193 3968 1226 4013 se
1245 3961 1431 4020 natura-sua

298 4130 336 4188 (l)
351 4127 389 4175 De
406 4129 467 4176 iure
483 4129 600 4175 naturae
616 4135 642 4174 et
654 4126 787 4188 pontium,
803 4120 819 4172 l.
837 4124 854 4181 l,
870 4137 891 4171 c.
907 4121 930 4170 2.

297 4205 331 4266 (2)
352 4207 514 4267 Ontoloyioe,
531 4220 551 4252 e.
568 4204 591 4262 2,
610 4223 634 4258 a.
649 4207 670 4254 1.

299 4285 333 4347 (3)
351 4285 417 4334 Loco
434 4300 513 4348 supra
529 4287 613 4334 citato.
719 4299 721 4304 ¹
