3159 4934
298 312 353 371 366
451 328 493 371 lus
511 328 636 372 maruhan
654 348 664 357 ·
682 330 750 373 PARS
768 332 805 373 ltl.
824 332 866 374 lus
884 328 1113 373 turbabarlortbhb
1131 330 1179 373 SEU
1199 328 1315 373 oblinunt
1417 308 1421 317 ⁸

301 445 434 509 homines
453 444 490 507 ad
512 444 595 507 illum
615 445 814 523 quaerendum
839 445 1024 523 temporariis
1047 444 1135 507 etiam
1160 444 1340 507 utilitatibus
1360 442 1476 521 impel-
1554 462 1555 489 1

302 543 410 606 fantur.
1240 547 1242 554 '

343 640 391 703 fl.
408 638 572 707 Ecclesiae
592 637 727 707 influxus
748 639 851 725 quoad
870 638 963 709 duem
978 638 1136 709 societatis
1152 638 1381 708 Etbnarcbicae
1397 654 1476 707 con·

302 737 505 823 mouendum.
526 736 592 801 Non
612 739 699 802 modo
720 739 802 801 utilis
827 740 878 801 sed
900 755 1022 817 prorsus
1046 742 1230 803 necessarius
1258 740 1406 802 dicendus
1427 748 1474 800 cst

303 837 433 898 influxus
453 834 613 909 Ecclesiae,
634 844 668 898 ut
687 835 814 899 societas
835 836 1067 901 internatiuualis
1088 838 1177 900 linem
1192 837 1328 915 attingat,
1350 845 1473 914 propter

303 949 391 1012 quem
411 950 429 995 a
449 941 553 995 natura
568 934 761 1007 desideratur,
773 942 862 1013 atque
876 935 1102 997 instrumentum
1118 935 1224 997 evadat
1241 950 1297 997 nou
1312 934 1472 997 violentiae

304 1040 334 1094 et
354 1032 558 1108 corruptionis,
581 1032 634 1094 sed
653 1032 787 1094 beneficii
807 1042 837 1095 et
858 1033 1036 1096 incrementi.
1059 1030 1136 1095 Nam
1158 1048 1226 1095 uum
1248 1032 1397 1095 eiusmodi
1429 1046 1478 1093 so

303 1116 398 1193 cietas
418 1144 586 1206 supremum
608 1128 697 1195 veluti
723 1128 851 1192 tribunal
873 1130 1042 1204 constituat,
1063 1147 1080 1192 a
1102 1145 1161 1209 quo
1184 1130 1332 1193 nationum
1354 1138 1477 1191 contro·

305 1230 419 1293 tersiae
439 1228 643 1312 diiudicentur,
663 1244 823 1307 earumque
845 1228 935 1313 ueluti
962 1237 1058 1293 sortes
1086 1230 1239 1307 pendeant,
1260 1236 1343 1291 tauta
1370 1236 1487 1291 autem'

306 1328 336 1390 ri
356 1327 531 1400 instruatur,
551 1335 585 1388 ut
607 1327 633 1388 ei
656 1327 793 1390 resistere
813 1326 890 1388 nulla
912 1326 969 1390 alia
991 1327 1153 1390 materialis
1180 1326 1224 1389 vis
1252 1326 1367 1404 possin
1391 1339 1475 1387 sum·

305 1439 423 1502 mopere
445 1431 475 1486 et
501 1424 628 1486 maxime
655 1425 850 1487 necessarium
875 1435 922 1488 est
944 1434 975 1488 ut
995 1426 1146 1504 vigilantia
1167 1434 1197 1488 et
1218 1424 1364 1503 praesidio
1386 1439 1476 1502 rega·

307 1530 355 1584 tur
374 1522 440 1584 eius
454 1520 647 1595 auctoritatis,
669 1537 744 1599 quae
771 1522 831 1584 viru
854 1521 943 1584 suam‘
961 1523 1074 1585 nonnisi
1102 1538 1139 1585 ex
1163 1523 1275 1585 iustitia
1297 1522 1476 1598 derivator

306 1626 367 1683 tota
381 1627 490 1697 quauta
504 1627 551 1681 est
564 1619 657 1682 ordini
672 1618 776 1682 morali
789 1620 980 1683 custodiendo
997 1630 1085 1699 atque
1101 1621 1308 1699 amplificando
1322 1628 1474 1697 operatur.

306 1715 460 1780 Praeterea
480 1717 617 1795 frequens
630 1723 660 1778 et
674 1717 790 1779 stabilis
810 1718 960 1779 nationum
976 1718 1214 1790 communicatio,
1225 1732 1409 1795 quamquam
1426 1732 1477 1793 per

306 1831 337 1877 se
357 1816 439 1877 iuxta
461 1830 584 1891 scopum
604 1822 726 1877 naturae
746 1814 784 1877 ud
806 1824 942 1877 mutuum
962 1815 1105 1877 auxilium
1129 1811 1341 1894 praestandum
1356 1823 1386 1876 ct
1413 1830 1474 1875 mn

305 1929 371 1975 rum
392 1915 573 1976 honestatem
594 1913 757 1991 augendam
778 1922 904 1991 spectat3
924 1922 1023 1976 tamen
1045 1915 1115 1976 vitio
1142 1914 1258 1975 nativae
1286 1911 1468 1973 infirmitatis

306 2013 452 2074 humanae
473 2009 557 2074 facile
584 2011 742 2073 admodum
764 2012 801 2073 ad
824 2026 920 2074 mores
941 2012 1038 2088 potius
1065 2010 1265 2087 deturpandos
1290 2018 1321 2072 ct
1342 2024 1471 2071 comma-

304 2111 445 2176 culandos
473 2108 661 2171 convertitur.
690 2106 773 2173 Unde
802 2107 897 2183 Plato,
924 2107 1392 2188 antiquorumsapientissimus,
1424 2106 1473 2167 uel

304 2211 401 2289 ipsum
416 2209 625 2271 commercium
645 2206 720 2268 inter
741 2215 850 2285 gentes,
865 2223 900 2269 ue
921 2223 1022 2269 earnm
1044 2222 1140 2268 mores
1162 2212 1374 2283 corrumperet,
1388 2219 1474 2265 aver·

304 2310 435 2372 sabatur.
456 2303 496 2369 Ut
517 2307 609 2384 igitur
636 2314 750 2368 tautum
771 2305 882 2367 malum
910 2305 1081 2379 declinetur,
1101 2306 1180 2368 omni
1208 2320 1280 2366 cura
1309 2303 1473 2366 carendum

305 2413 352 2469 est
378 2420 415 2467 ne
441 2404 557 2466 falsitas
585 2419 654 2467 vero
678 2410 708 2465 at
735 2403 839 2465 vitium
868 2404 970 2466 virtuti
998 2404 1173 2467 dominetur.
1195 2400 1229 2465 Id
1257 2409 1357 2463 autem
1386 2400 1474 2462 aliter

306 2505 430 2567 obtineri
457 2496 566 2581 ue'quit,
593 2502 651 2564 nisi
685 2502 832 2579 praesidio
861 2502 1036 2564 christianae
1070 2496 1226 2580 religionis,
1255 2516 1331 2577 uuae
1364 2500 1474 2563 ordinis

308 2602 429 2666 moralis
439 2600 601 2662 defensioni
615 2599 747 2661 assidens
761 2600 945 2676 turpificatos
960 2616 1056 2662 mores
1070 2600 1179 2677 iugiter
1192 2598 1349 2661 emendare
1364 2598 1473 2670 studet,
1538 2584 1541 2591 ’

306 2708 337 2762 et
357 2698 543 2761 revelationis
564 2712 619 2773 ope
639 2703 797 2759 torrentem
813 2696 903 2761 ueluti
921 2696 995 2759 lucis
1016 2698 1045 2759 in
1066 2698 1200 2759 nationes
1215 2696 1348 2773 effundit,
1370 2695 1411 2757 ad
1432 2711 1475 2757 er-

309 2797 385 2858 roris
406 2795 539 2858 tenebras
559 2794 755 2871 dissipandas.

350 2888 398 2953 42.
414 2888 551 2957 lnflurtus
566 2887 728 2957 Ecclesiae
743 2887 846 2975 quoad
862 2906 969 2956 uerunt
985 2888 1140 2957 nationum
1164 2888 1378 2975 progressum.
1393 2886 1475 2953 Ordo

308 2990 372 3068 ipse
392 3003 490 3051 rerum
511 2989 567 3052 hoc
588 2988 652 3051 locu
678 3003 730 3051 nos
750 2989 872 3051 adducit
893 2993 930 3051 ad
954 3004 1016 3051 reru
1038 2988 1158 3051 maximi
1181 2988 1320 3049 momenti
1342 2987 1476 3050 conside·

309 3086 442 3160 randum,
456 3086 568 3150 scilicet
587 3102 696 3152 nexum,
708 3086 871 3149 catholicae
885 3084 1036 3149 Ecclesiae
1049 3102 1118 3149 cum
1134 3102 1204 3150 vero
1223 3086 1346 3149 humaui
1362 3086 1477 3164 generis

308 3199 480 3263 progressu3
500 3186 562 3263 qui,
582 3184 645 3247 siue
664 3184 796 3247 eiusdem
816 3184 967 3248 Ecclesiae
988 3187 1100 3247 influxu
1122 3202 1157 3248 ac
1180 3185 1281 3258 tutela,
1306 3200 1357 3261 per
1386 3184 1478 3246 socie

309 3290 401 3343 tatem
421 3280 670 3344 internetionalem
692 3298 748 3345 non
769 3283 855 3345 modo
875 3284 1007 3346 incertus
1028 3285 1121 3360 lieret,
1145 3284 1196 3346 sed
1218 3283 1360 3346 facillime
1380 3281 1412 3344 in
1434 3298 1477 3344 re-

308 3394 443 3457 gressum
457 3388 486 3442 et
507 3378 672 3441 barbariem
693 3380 889 3457 degeneraret.
905 3378 983 3444 Nam
998 3391 1120 3444 mutuus
1141 3383 1293 3444 nationum
1311 3388 1478 3467 contactus,

307 3492 367 3555 quo
388 3477 500 3540 firmior
519 3484 566 3539 est
586 3492 623 3539 ae
642 3475 737 3555 latior,
759 3494 794 3541 oo
814 3480 954 3543 malorem
983 3488 1095 3542 motum
1124 3479 1285 3557 imprimit;
1318 3488 1382 3542 tum
1411 3479 1478 3555 quia

309 3573 490 3652 singularum
514 3576 644 3653 gentium
669 3575 861 3652 coguitionem
887 3591 922 3639 ac
950 3566 1070 3655 proinde
1094 3578 1239 3639 desideria
1269 3576 1386 3649 dilatat,
1417 3586 1479 3637 tum

246 3664 249 3669 ’
309 3672 380 3749 quia
400 3672 547 3734 sociarum
566 3673 765 3735 additamento
779 3673 856 3735 vires
876 3674 1019 3752 cuiusque
1040 3676 1137 3753 gentis
1157 3675 1361 3752 maximopere
1374 3673 1477 3751 ampli·

309 3768 381 3829 licat
394 3776 424 3829 et
437 3769 566 3831 omnium
581 3768 755 3832 concursum
770 3786 805 3832 ac
820 3778 953 3831 mutuam
967 3772 1191 3835 aemulationem
1209 3780 1299 3835 creat.
1312 3772 1354 3834 At
1369 3780 1478 3843 motus,

311 3864 388 3927 utin
403 3864 518 3940 bonum,
533 3866 576 3928 sic
590 3867 679 3928 etiam
694 3867 723 3927 iu
746 3867 855 3929 malurn
870 3868 939 3930 ferri
957 3876 1063 3946 potest,
1080 3885 1242 3932 concursus
1262 3884 1331 3931 vero
1346 3869 1476 3947 plurium

310 3960 395 4023 facile
414 3963 452 4024 ad
473 3963 626 4027 debiliores
651 3965 862 4028 conculcandos
887 3973 916 4027 et
940 3968 1129 4043 proterendos
1156 3967 1287 4029 adducit.
1312 3964 1479 4044 Utrumque

310 4054 438 4213 breviter
450 4060 637 4137 enuncleabo,
648 4069 804 4139 postquam
819 4076 990 4141 progressus
1004 4064 1101 4127 ideam
1113 4080 1130 4127 a
1141 4064 1268 4127 fallaciis
1279 4064 1478 4143 quorumdam

324 4151 505 4218 iberarerim.

351 4246 426 4310 Sunt
439 4266 494 4313 nou
509 4254 605 4329 pauci,
619 4255 823 4333 panthcisticis
845 4255 1043 4321 deliramentis
1064 4260 1183 4339 imbuti,
1197 4259 1249 4338 qui
1265 4267 1379 4323 mutum
1391 4274 1477 4338 gene·
