3159 4934
331 270 367 328 82
785 295 786 298 ¹
850 281 988 324 nnnnea

265 443 269 452 ,
373 400 410 464 R.
425 399 539 464 Solutio
560 405 640 476 patet
660 413 697 460 ex
719 395 809 458 dictis
830 396 859 458 in
881 392 1059 458 masiliam
1080 395 1110 457 in
1133 395 1236 474 primis
1258 397 1408 473 passiones
1427 397 1499 459 obsi-

222 551 223 554 ,
332 509 411 561 stere
426 504 550 576 possunt
569 497 621 568 ita,
635 505 669 557 ut
683 502 778 569 aetus,
793 494 909 556 etiamsi
925 494 955 555 in
976 502 1074 557 nostra
1090 501 1234 572 potestate
1253 495 1301 567 sit,
1315 503 1413 556 tamen
1427 495 1499 557 dilli-

331 597 428 661 culter
448 597 508 657 liat.
524 592 646 670 Deinde,
662 593 778 656 etiamsi
791 610 809 654 a
826 592 1010 672 passionibus
1030 593 1282 669 praescindamus,
1296 600 1394 655 tamen
1409 600 1499 664 actus,

330 697 368 758 ab
388 695 529 758 electione
551 693 689 771 pendens,
705 693 733 756 iu
754 697 852 754 nostra
868 690 986 770 quidem
1003 698 1148 768 potestate
1168 698 1215 753 est
1236 698 1270 752 ut
1289 689 1500 766 1111111111-

329 795 536 870 linteumque,
560 807 615 854 non
637 799 734 852 111111
757 798 790 851 11
813 792 864 851 fiat
885 788 1013 866 perlecto
1034 789 1122 852 modo
1143 804 1248 866 nempe
1268 788 1416 864 expedite,
1439 802 1500 849 con-

330 896 441 951 stanter
462 897 490 950 et
513 886 735 950 delectabiliter.
754 885 787 950 ld
807 885 942 949 facultati
963 884 1074 947 liberae
1094 899 1150 946 non
1172 891 1219 945 est
1239 891 1344 944 natura
1366 882 1498 944 insitum:

329 996 419 1065 atque
431 995 584 1065 propterea
598 987 636 1047 ad
651 985 715 1048 eins
727 993 813 1048 aetus
824 985 876 1047 tali
889 985 976 1047 modo
989 983 1146 1046 eliciendos
1159 982 1328 1060 indigemus
1342 981 1499 1043 habitibus.

375 1082 468 1146 obito.
485 1081 520 1146 ll.
536 1081 674 1156 Habitus,
688 1083 862 1145 inflectendo
882 1083 920 1144 ed
941 1098 1043 1155 unum,
1058 1081 1136 1143 tollit
1154 1080 1333 1143 libertatem.
1348 1077 1431 1158 Ergo
1450 1095 1499 1142 non

331 1181 456 1260 perficit,
471 1181 523 1244 sed
545 1181 687 1258 pervertit
712 1183 881 1256 potentiam

373 1279 409 1343 R.
429 1277 518 1360 Ncpo
539 1278 730 1342 antecedens.
753 1276 831 1340 Nam
852 1278 1027 1357 quidquid
1018 1295 1048 1339 nn
1069 1277 1168 1355 aliquo
1189 1227 1342 1354 recipitur,
1363 1276 1499 1352 recipitur

330 1376 413 1438 iuxta
433 1369 553 1439 modum
575 1377 752 1454 recipientis
768 1373 853 1439 Unde
867 1377 988 1439 babitus
1003 1376 1044 1437 ita
1059 1375 1200 1452 recipitur
1220 1375 1251 1434 in
1272 1374 1414 1453 potentia,
1429 1387 1498 1451 quae

331 1485 377 1538 est
398 1475 514 1538 domina
537 1477 583 1537 sui
604 1483 701 1548 actus,
722 1482 756 1537 ut
776 1475 944 1537 huiusmodi
965 1473 1128 1536 dominium
1148 1472 1269 1535 minime
1293 1471 1425 1545 auferam
1450 1485 1499 1531 uon

229 1593 231 1598 ·
329 1574 406 1634 enim
429 1573 508 1652 cogit
529 1573 566 1634 ad
589 1588 690 1646 unum,
711 1572 764 1635 sed
785 1579 900 1635 tantum
922 1571 1056 1634 inclinat.

374 1667 535 1733 01111111.
555 1668 621 1734 Non
641 1671 735 1732 omnis
756 1669 853 1732 virtus
873 1669 1008 1733 consistit
1028 1668 1058 1730 in
1079 1668 1185 1731 medio.
1207 1666 1285 1730 Nam
1305 1669 1453 1746 quaedam
1473 1681 1498 1726 se

329 1769 490 1830 extendunt
510 1768 548 1829 ad
568 1777 716 1830 extrema:
738 1768 817 1830 sicut
842 1767 991 1840 fortitudo,
1011 1776 1088 1845 quae
1109 1777 1245 1833 versatur
1271 1767 1353 1828 circa
1375 1764 1519 1851 maxima,

330 1867 472 1946 pericula

371 1965 406 2029 R.
423 1963 471 2028 Sic
487 1964 556 2026 buie
570 1964 737 2028 difficultati
759 1964 916 2041 respondet
930 1961 960 2026 S
974 1960 1124 2027 Tbomas:
1142 1984 1159 2018 e
1174 1959 1260 2033 Quod
1274 1959 1424 2038 quaedam
1439 1958 1501 2038 l

330 2062 421 2140 tutes)
443 2062 591 2140 attingunt
611 2063 649 2125 ad
669 2061 844 2138 maximum,
865 2061 991 2138 pertinet
1017 2059 1046 2121 in
1075 2060 1119 2121 eis
1138 2058 1177 2119 ad
1199 2057 1342 2120 rationem
1368 2057 1481 2120 medii
1474 2072 1501 2115 m

331 2166 474 2239 quantum
495 2159 657 2222 maximum
678 2159 828 2237 attingunt
848 2158 1007 2220 secundnm
1028 2156 1160 2236 regulam
1181 2157 1313 2233 rationis,
1327 2156 1411 2218 11111
1423 2156 1500 2217 lorus

334 2259 454 2339 attingit
468 2259 595 2321 maxima
612 2258 743 2336 pericula
757 2258 918 2320 secundum
934 2259 1085 2336 rationem,
1101 2257 1216 2320 seilicet
1230 2257 1349 2337 qnando
1364 2257 1461 2328 debet,
1474 2261 1501 2314 ut

333 2357 428 2430 debet,
442 2365 472 2418 et
487 2365 605 2434 propter
619 2357 698 2444 qnod
712 2355 808 2417 debet.
824 2353 1010 2432 Superlluum
1026 2357 1104 2417 enim
1118 2363 1148 2417 et
1162 2355 1341 2417 diminutum
1361 2353 1501 2432 accipitur

331 2439 396 2518 non¹
409 2456 570 2518 secundum
592 2455 787 2533 quantitatem
818 2457 871 2527 rei,
892 2455 943 2515 sed
964 2471 1016 2532 per
1044 2455 1293 2532 comparationem
1315 2454 1354 2514 ad
1377 2453 1501 2532 regulam

331 2555 467 2626 rationis3
489 2561 521 2614 ut
543 2563 612 2630 puta
634 2555 819 2630 superfluum
841 2561 928 2625 esset,
951 2553 976 2614 si
998 2554 1115 2631 quando
1137 2568 1192 2616 non
1215 2554 1312 2627 debet,
1327 2551 1376 2615 vel
1393 2561 1501 2632 propter

329 2651 408 2729 quod
429 2666 485 2713 non
506 2651 602 2726 debet,
623 2653 763 2730 periculis
785 2667 818 2714 se
838 2654 997 2729 ingererem
1019 2652 1196 2714 diminutum
1225 2659 1325 2714 autem
1338 2652 1380 2713 .si
1403 2668 1434 2714 se
1454 2665 1502 2711 non

328 2749 474 2826 ingereret
495 2751 612 2826 qnando
633 2759 663 2812 et
683 2750 810 2828 qualiter
831 2749 950 2812 deberet
962 2747 1015 2828 (l).
1032 2771 1049 2805 »

376 2841 470 2907 Odiie.
492 2845 544 2909 tv.
567 2844 641 2909 Pars
662 2849 803 2911 sensitiva
825 2863 881 2910 non
904 2855 1000 2925 potest
1023 2864 1090 2910 esse
1112 2849 1279 2910 subiectum
1301 2849 1435 2910 virtutis.
1455 2843 1503 2908 Sed

329 2943 500 3022 irascibilis,
511 2951 541 3006 et
555 2945 794 3021 concupiscibilis
809 2946 954 3022 pertinent
966 2946 1003 3007 ad
1015 2953 1129 3022 partem
1144 2947 1326 3008 sensitivam
1339 2944 1425 3025 Ergo
1440 2941 1504 3006 male

330 3048 481 3119 ponuntur
503 3043 629 3104 virtutes
650 3042 688 3102 111
710 3044 928 3120 respondentes
999 3103 1002 3106 ,

372 3138 409 3202 R.
433 3136 517 3200 Dist.
540 3139 621 3200 mai:
644 3137 718 3202 Pars
739 3141 880 3202 sensitiva
901 3156 957 3202 non
984 3149 1165 3217 potestesse
1190 3143 1358 3205 subiectum
1382 3141 1504 3210 virtutis,

331 3239 930 3314 1111111111111,1111,·1111111111
952 3237 1087 3314 regimini
1110 3239 1241 3313 rationis,
1255 3257 1344 3318 nepo.
1361 3240 1504 3304 Audietur

332 3332 362 3397 S.
379 3331 520 3396 Thomas.
541 3355 558 3390 e
573 3331 647 3396 Cum
662 3334 757 3395 virtus
777 3335 908 3396 nominet
921 3335 1069 3410 quoddam
1086 3339 1233 3413 potentiae
1252 3338 1503 3416 complementum,

333 3427 481 3508 potentiae
500 3438 599 3492 autem
620 3431 658 3491 ad
679 3440 777 3493 aetum
800 3431 975 3508 respiciant3
998 3440 1114 3510 oportet
1134 3435 1296 3495 humanam
1319 3435 1462 3498 virtutem
1480 3434 1504 3495 in

330 3527 382 3590 illa
406 3527 535 3605 potentia
557 3541 673 3604 ponere,
687 3543 763 3605 quae
784 3535 830 3589 est
852 3527 1028 3605 principium
1051 3537 1136 3592 actus
1151 3532 1283 3593 humani.
1299 3533 1399 3595 Actus
1414 3542 1504 3594 autem

331 3628 481 3688 humanus
502 3625 621 3702 dicitur,
636 3625 687 3702 qui
707 3640 763 3687 non
784 3642 970 3704 quocumque
991 3627 1079 3689 modo
1100 3627 1129 3689 in
1152 3630 1271 3692 homine
1289 3630 1335 3693 vel
1353 3647 1408 3709 per
1421 3630 1507 3694 bomi-

331 3739 398 3784 nem
419 3731 585 3796 exercetur,
607 3737 676 3784 cnm
697 3722 727 3782 in
747 3723 925 3799 quibusdam
946 3725 1034 3786 etiem
1059 3726 1184 3802 plantae,
1203 3727 1303 3809 bruta,
1325 3738 1358 3792 et
1379 3731 1506 3793 homines

333 3822 524 3894 conveniant;
538 3819 589 3882 sed
609 3818 659 3897 qui
683 3818 811 3882 hominis
831 3822 968 3898 proprius
979 3829 1037 3908 lest.
1052 3821 1132 3886 Inter
1146 3834 1244 3888 cetera
1264 3843 1335 3890 vero
1349 3829 1408 3892 hoc
1424 3827 1505 3890 babet

332 3918 421 3979 hemo
444 3921 593 3996 proprium
619 3919 649 3979 in
678 3931 732 3980 111
752 3925 832 3991 1111,
852 3920 932 3995 quod
958 3919 1003 3979 sni
1032 3929 1118 3982 actus
1138 3931 1185 3985 est
1211 3924 1362 3988 dominus.
1384 3924 1507 3998 Quilibet

333 4012 425 4090 igitur
440 4020 534 4088 actus,
550 4015 635 4077 cuius
650 4015 739 4076 homo
752 4012 889 4076 dominus
903 4023 958 4087 est,
974 4023 1017 4076 est
1032 4018 1149 4094 proprie
1163 4019 1326 4094 humanum
1342 4037 1401 4084 nou
1416 4026 1506 4082 11111

380 4221 416 4284 (1)
438 4221 482 4284 Qq.
494 4221 569 4284 Disp.
581 4221 702 4278 Quaestio
719 4224 758 4271 De
775 4223 923 4272 uirtutibus
939 4225 970 4273 in
986 4230 1135 4283 communi,
1150 4244 1172 4277 e.
1189 4229 1220 4278 13
1236 4231 1270 4280 ad
1286 4228 1327 4281 5(
