<?xml version="1.0" encoding="UTF-8"?>
<!DOCTYPE html PUBLIC "-//W3C//DTD XHTML 1.0 Transitional//EN"
    "http://www.w3.org/TR/xhtml1/DTD/xhtml1-transitional.dtd">
<html xmlns="http://www.w3.org/1999/xhtml" xml:lang="en" lang="en">
 <head>
  <title>
</title>
<meta http-equiv="Content-Type" content="text/html;charset=utf-8" />
  <meta name='ocr-system' content='tesseract 3.04.00' />
  <meta name='ocr-capabilities' content='ocr_page ocr_carea ocr_par ocr_line ocrx_word'/>
</head>
<body>
  <div class='ocr_page' id='page_1' title='image "./institutioneset00libegoog_0137.png"; bbox 0 0 3159 4934; ppageno 0'>
   <div class='ocr_carea' id='block_1_1' title="bbox 293 324 1166 381">
    <p class='ocr_par' dir='ltr' id='par_1_1' title="bbox 293 324 1166 381">
     <span class='ocr_line' id='line_1_1' title="bbox 293 324 1166 381; baseline -0.003 -1"><span class='ocrx_word' id='word_1_1' title='bbox 293 324 347 381; x_wconf 73' lang='lat'>132</span> <span class='ocrx_word' id='word_1_2' title='bbox 579 338 621 381; x_wconf 85' lang='lat' dir='ltr'>rus</span> <span class='ocrx_word' id='word_1_3' title='bbox 639 338 765 381; x_wconf 79' lang='lat' dir='ltr'>urrunnu</span> <span class='ocrx_word' id='word_1_4' title='bbox 784 356 795 365; x_wconf 96' lang='lat'>-</span> <span class='ocrx_word' id='word_1_5' title='bbox 812 336 880 379; x_wconf 78' lang='lat' dir='ltr'>nans</span> <span class='ocrx_word' id='word_1_6' title='bbox 898 337 915 378; x_wconf 91' lang='lat' dir='ltr'>r.</span> <span class='ocrx_word' id='word_1_7' title='bbox 934 336 977 379; x_wconf 89' lang='lat' dir='ltr'>rus</span> <span class='ocrx_word' id='word_1_8' title='bbox 994 335 1166 379; x_wconf 84' lang='lat' dir='ltr'>runtvtuuunu</span> 
     </span>
    </p>
   </div>
   <div class='ocr_carea' id='block_1_2' title="bbox 289 446 1464 1897">
    <p class='ocr_par' dir='ltr' id='par_1_2' title="bbox 290 446 1461 628">
     <span class='ocr_line' id='line_1_2' title="bbox 332 446 1461 531; baseline -0.004 -16"><span class='ocrx_word' id='word_1_9' title='bbox 332 448 379 515; x_wconf 91' lang='grc'>31.</span> <span class='ocrx_word' id='word_1_10' title='bbox 402 449 574 515; x_wconf 78' lang='lat' dir='ltr'>Pnnrostrro</span> <span class='ocrx_word' id='word_1_11' title='bbox 597 446 1015 531; x_wconf 72' lang='lat' dir='ltr'>4⁸.Am0r1)et,ramquam</span> <span class='ocrx_word' id='word_1_12' title='bbox 1036 448 1145 513; x_wconf 79' lang='lat' dir='ltr'>obiecti</span> <span class='ocrx_word' id='word_1_13' title='bbox 1163 468 1282 513; x_wconf 82' lang='lat' dir='ltr'>summe</span> <span class='ocrx_word' id='word_1_14' title='bbox 1302 448 1383 526; x_wconf 80' lang='lat' dir='ltr'>doni,</span> <span class='ocrx_word' id='word_1_15' title='bbox 1397 467 1461 511; x_wconf 77' lang='lat' dir='ltr'>noo</span> 
     </span>
     <span class='ocr_line' id='line_1_3' title="bbox 290 545 1377 628; baseline 0.001 -19"><span class='ocrx_word' id='word_1_16' title='bbox 290 546 379 611; x_wconf 82' lang='lat' dir='ltr'>modo</span> <span class='ocrx_word' id='word_1_17' title='bbox 397 546 556 627; x_wconf 78' lang='lat' dir='ltr'>possibilis</span> <span class='ocrx_word' id='word_1_18' title='bbox 577 550 633 625; x_wconf 81' lang='lat' dir='ltr'>esi,</span> <span class='ocrx_word' id='word_1_19' title='bbox 656 545 711 609; x_wconf 84' lang='lat' dir='ltr'>sed</span> <span class='ocrx_word' id='word_1_20' title='bbox 730 547 823 609; x_wconf 80' lang='lat' dir='ltr'>ellam</span> <span class='ocrx_word' id='word_1_21' title='bbox 844 552 891 611; x_wconf 77' lang='lat' dir='ltr'>esi</span> <span class='ocrx_word' id='word_1_22' title='bbox 911 548 981 611; x_wconf 81' lang='lat' dir='ltr'>iure</span> <span class='ocrx_word' id='word_1_23' title='bbox 1001 554 1137 611; x_wconf 81' lang='lat' dir='ltr'>naturae</span> <span class='ocrx_word' id='word_1_24' title='bbox 1151 549 1377 628; x_wconf 74' lang='lat' dir='ltr'>praescriptus.</span> 
     </span>
    </p>

    <p class='ocr_par' dir='ltr' id='par_1_3' title="bbox 289 642 1463 1215">
     <span class='ocr_line' id='line_1_4' title="bbox 330 642 1463 727; baseline 0 -19"><span class='ocrx_word' id='word_1_25' title='bbox 330 643 416 709; x_wconf 86' lang='lat' dir='ltr'>Prob.</span> <span class='ocrx_word' id='word_1_26' title='bbox 440 646 534 723; x_wconf 91' lang='lat' dir='ltr'>prima</span> <span class='ocrx_word' id='word_1_27' title='bbox 550 660 628 721; x_wconf 86' lang='lat' dir='ltr'>pars.</span> <span class='ocrx_word' id='word_1_28' title='bbox 650 642 791 723; x_wconf 84' lang='lat' dir='ltr'>Quisquis</span> <span class='ocrx_word' id='word_1_29' title='bbox 810 644 903 708; x_wconf 89' lang='lat' dir='ltr'>Deum</span> <span class='ocrx_word' id='word_1_30' title='bbox 919 646 1063 727; x_wconf 82' lang='lat' dir='ltr'>agnoscit,</span> <span class='ocrx_word' id='word_1_31' title='bbox 1084 647 1169 710; x_wconf 92' lang='lat' dir='ltr'>illum</span> <span class='ocrx_word' id='word_1_32' title='bbox 1190 655 1331 725; x_wconf 80' lang='lat' dir='ltr'>agnoscat</span> <span class='ocrx_word' id='word_1_33' title='bbox 1344 654 1463 724; x_wconf 85' lang='lat' dir='ltr'>oportet</span> 
     </span>
     <span class='ocr_line' id='line_1_5' title="bbox 293 742 1459 825; baseline 0.001 -21"><span class='ocrx_word' id='word_1_34' title='bbox 293 750 441 820; x_wconf 85' lang='lat' dir='ltr'>tamquam</span> <span class='ocrx_word' id='word_1_35' title='bbox 465 758 581 804; x_wconf 92' lang='lat' dir='ltr'>summa</span> <span class='ocrx_word' id='word_1_36' title='bbox 603 751 633 803; x_wconf 92' lang='lat' dir='ltr'>et</span> <span class='ocrx_word' id='word_1_37' title='bbox 661 743 774 805; x_wconf 84' lang='lat' dir='ltr'>infinita</span> <span class='ocrx_word' id='word_1_38' title='bbox 800 745 964 820; x_wconf 90' lang='lat' dir='ltr'>praeditum</span> <span class='ocrx_word' id='word_1_39' title='bbox 994 746 1129 808; x_wconf 87' lang='lat' dir='ltr'>bonitate.</span> <span class='ocrx_word' id='word_1_40' title='bbox 1151 745 1193 808; x_wconf 87' lang='lat' dir='ltr'>At</span> <span class='ocrx_word' id='word_1_41' title='bbox 1218 760 1287 808; x_wconf 90' lang='lat' dir='ltr'>vero</span> <span class='ocrx_word' id='word_1_42' title='bbox 1310 742 1459 825; x_wconf 88' lang='lat' dir='ltr'>quidquid</span> 
     </span>
     <span class='ocr_line' id='line_1_6' title="bbox 289 828 1460 921; baseline 0.001 -19"><span class='ocrx_word' id='word_1_43' title='bbox 289 828 505 919; x_wconf 68' lang='lat' dir='ltr'>agnoscitur&#39;ut</span> <span class='ocrx_word' id='word_1_44' title='bbox 521 843 639 913; x_wconf 89' lang='lat' dir='ltr'>honum,</span> <span class='ocrx_word' id='word_1_45' title='bbox 653 856 670 901; x_wconf 91' lang='lat' dir='ltr'>a</span> <span class='ocrx_word' id='word_1_46' title='bbox 693 840 842 903; x_wconf 89' lang='lat' dir='ltr'>uoluntate</span> <span class='ocrx_word' id='word_1_47' title='bbox 856 841 938 921; x_wconf 77' lang='lat' dir='ltr'>diligi</span> <span class='ocrx_word' id='word_1_48' title='bbox 954 851 1049 921; x_wconf 89' lang='lat' dir='ltr'>potest</span> <span class='ocrx_word' id='word_1_49' title='bbox 1069 858 1103 907; x_wconf 89' lang='lat' dir='ltr'>eo</span> <span class='ocrx_word' id='word_1_50' title='bbox 1118 842 1213 921; x_wconf 91' lang='lat' dir='ltr'>modo,</span> <span class='ocrx_word' id='word_1_51' title='bbox 1228 859 1285 921; x_wconf 91' lang='lat' dir='ltr'>qun</span> <span class='ocrx_word' id='word_1_52' title='bbox 1301 850 1335 905; x_wconf 94' lang='lat' dir='ltr'>ut</span> <span class='ocrx_word' id='word_1_53' title='bbox 1349 844 1460 906; x_wconf 92' lang='lat' dir='ltr'>bonum</span> 
     </span>
     <span class='ocr_line' id='line_1_7' title="bbox 290 938 1462 1020; baseline 0.001 -19"><span class='ocrx_word' id='word_1_54' title='bbox 290 938 475 1019; x_wconf 80' lang='lat' dir='ltr'>agnoscitur3</span> <span class='ocrx_word' id='word_1_55' title='bbox 496 938 570 1001; x_wconf 93' lang='lat' dir='ltr'>nibil</span> <span class='ocrx_word' id='word_1_56' title='bbox 590 938 667 1001; x_wconf 90' lang='lat' dir='ltr'>enim</span> <span class='ocrx_word' id='word_1_57' title='bbox 683 938 763 1000; x_wconf 88' lang='lat' dir='ltr'>aliud</span> <span class='ocrx_word' id='word_1_58' title='bbox 776 946 822 1002; x_wconf 90' lang='lat' dir='ltr'>est</span> <span class='ocrx_word' id='word_1_59' title='bbox 835 955 927 1018; x_wconf 86' lang='lat' dir='ltr'>amor,</span> <span class='ocrx_word' id='word_1_60' title='bbox 941 956 1030 1019; x_wconf 88' lang='lat' dir='ltr'>quarn</span> <span class='ocrx_word' id='word_1_61' title='bbox 1045 941 1256 1020; x_wconf 82' lang='lat' dir='ltr'>complacentia</span> <span class='ocrx_word' id='word_1_62' title='bbox 1270 949 1300 1004; x_wconf 92' lang='lat' dir='ltr'>et</span> <span class='ocrx_word' id='word_1_63' title='bbox 1317 941 1462 1004; x_wconf 80' lang='lat' dir='ltr'>adhaesio</span> 
     </span>
     <span class='ocr_line' id='line_1_8' title="bbox 291 1036 1463 1120; baseline 0 -19"><span class='ocrx_word' id='word_1_64' title='bbox 291 1037 448 1120; x_wconf 85' lang='lat' dir='ltr'>voluntatis</span> <span class='ocrx_word' id='word_1_65' title='bbox 468 1052 537 1115; x_wconf 82' lang='lat' dir='ltr'>erga</span> <span class='ocrx_word' id='word_1_66' title='bbox 559 1036 665 1099; x_wconf 89' lang='lat' dir='ltr'>bouum</span> <span class='ocrx_word' id='word_1_67' title='bbox 687 1039 912 1116; x_wconf 89' lang='lat' dir='ltr'>apprehensum.</span> <span class='ocrx_word' id='word_1_68' title='bbox 936 1037 1015 1102; x_wconf 90' lang='lat' dir='ltr'>Deus</span> <span class='ocrx_word' id='word_1_69' title='bbox 1035 1038 1127 1117; x_wconf 79' lang='lat' dir='ltr'>igitur</span> <span class='ocrx_word' id='word_1_70' title='bbox 1148 1040 1204 1101; x_wconf 88' lang='lat' dir='ltr'>boc</span> <span class='ocrx_word' id='word_1_71' title='bbox 1224 1039 1288 1115; x_wconf 88' lang='lat' dir='ltr'>ipso</span> <span class='ocrx_word' id='word_1_72' title='bbox 1309 1039 1389 1116; x_wconf 93' lang='lat' dir='ltr'>quod</span> <span class='ocrx_word' id='word_1_73' title='bbox 1411 1054 1463 1101; x_wconf 86' lang='lat' dir='ltr'>co-</span> 
     </span>
     <span class='ocr_line' id='line_1_9' title="bbox 290 1134 1438 1215; baseline 0.003 -19"><span class='ocrx_word' id='word_1_74' title='bbox 290 1134 442 1213; x_wconf 82' lang='lat' dir='ltr'>gnoscitur</span> <span class='ocrx_word' id='word_1_75' title='bbox 463 1140 496 1195; x_wconf 93' lang='lat' dir='ltr'>ut</span> <span class='ocrx_word' id='word_1_76' title='bbox 516 1149 630 1197; x_wconf 92' lang='lat' dir='ltr'>summe</span> <span class='ocrx_word' id='word_1_77' title='bbox 645 1134 755 1208; x_wconf 91' lang='lat' dir='ltr'>bouus;</span> <span class='ocrx_word' id='word_1_78' title='bbox 776 1141 810 1196; x_wconf 97' lang='lat' dir='ltr'>ut</span> <span class='ocrx_word' id='word_1_79' title='bbox 832 1134 898 1198; x_wconf 88' lang='lat' dir='ltr'>talis</span> <span class='ocrx_word' id='word_1_80' title='bbox 918 1136 1007 1198; x_wconf 91' lang='lat' dir='ltr'>etiam</span> <span class='ocrx_word' id='word_1_81' title='bbox 1027 1135 1181 1200; x_wconf 83' lang='lat' dir='ltr'>dilectione</span> <span class='ocrx_word' id='word_1_82' title='bbox 1202 1136 1309 1215; x_wconf 83' lang='lat' dir='ltr'>attingi</span> <span class='ocrx_word' id='word_1_83' title='bbox 1331 1144 1438 1215; x_wconf 91' lang='lat' dir='ltr'>potest.</span> 
     </span>
    </p>

    <p class='ocr_par' dir='ltr' id='par_1_4' title="bbox 289 1229 1464 1897">
     <span class='ocr_line' id='line_1_10' title="bbox 330 1229 1463 1313; baseline 0.004 -20"><span class='ocrx_word' id='word_1_84' title='bbox 330 1229 417 1295; x_wconf 90' lang='lat' dir='ltr'>Prob.</span> <span class='ocrx_word' id='word_1_85' title='bbox 433 1231 557 1293; x_wconf 76' lang='lat' dir='ltr'>mounda</span> <span class='ocrx_word' id='word_1_86' title='bbox 573 1246 649 1309; x_wconf 90' lang='lat' dir='ltr'>pars.</span> <span class='ocrx_word' id='word_1_87' title='bbox 662 1230 780 1309; x_wconf 85' lang='lat' dir='ltr'>Duplici</span> <span class='ocrx_word' id='word_1_88' title='bbox 796 1232 882 1295; x_wconf 91' lang='lat' dir='ltr'>modo</span> <span class='ocrx_word' id='word_1_89' title='bbox 893 1231 972 1295; x_wconf 83' lang='lat' dir='ltr'>lleus</span> <span class='ocrx_word' id='word_1_90' title='bbox 987 1233 1167 1311; x_wconf 80' lang='lat' dir='ltr'>apprehendi</span> <span class='ocrx_word' id='word_1_91' title='bbox 1183 1241 1279 1313; x_wconf 91' lang='lat' dir='ltr'>potest</span> <span class='ocrx_word' id='word_1_92' title='bbox 1294 1242 1327 1296; x_wconf 95' lang='lat' dir='ltr'>ut</span> <span class='ocrx_word' id='word_1_93' title='bbox 1342 1250 1463 1297; x_wconf 88' lang='lat' dir='ltr'>summe</span> 
     </span>
     <span class='ocr_line' id='line_1_11' title="bbox 292 1328 1463 1409; baseline 0.003 -18"><span class='ocrx_word' id='word_1_94' title='bbox 292 1330 400 1392; x_wconf 92' lang='lat' dir='ltr'>bouus:</span> <span class='ocrx_word' id='word_1_95' title='bbox 421 1328 559 1390; x_wconf 90' lang='lat' dir='ltr'>nimirum</span> <span class='ocrx_word' id='word_1_96' title='bbox 578 1328 624 1391; x_wconf 90' lang='lat' dir='ltr'>vel</span> <span class='ocrx_word' id='word_1_97' title='bbox 645 1329 777 1392; x_wconf 89' lang='lat' dir='ltr'>absolute</span> <span class='ocrx_word' id='word_1_98' title='bbox 798 1330 827 1391; x_wconf 92' lang='lat' dir='ltr'>iu</span> <span class='ocrx_word' id='word_1_99' title='bbox 849 1346 892 1403; x_wconf 89' lang='lat' dir='ltr'>se,</span> <span class='ocrx_word' id='word_1_100' title='bbox 912 1328 959 1392; x_wconf 88' lang='lat' dir='ltr'>vel</span> <span class='ocrx_word' id='word_1_101' title='bbox 979 1331 1101 1394; x_wconf 87' lang='lat' dir='ltr'>relative</span> <span class='ocrx_word' id='word_1_102' title='bbox 1116 1332 1213 1409; x_wconf 88' lang='lat' dir='ltr'>quoad</span> <span class='ocrx_word' id='word_1_103' title='bbox 1233 1347 1294 1394; x_wconf 94' lang='lat' dir='ltr'>nos.</span> <span class='ocrx_word' id='word_1_104' title='bbox 1312 1331 1463 1395; x_wconf 80' lang='lat' dir='ltr'>Absolute</span> 
     </span>
     <span class='ocr_line' id='line_1_12' title="bbox 290 1424 1461 1506; baseline 0.002 -19"><span class='ocrx_word' id='word_1_105' title='bbox 290 1424 418 1504; x_wconf 89' lang='lat' dir='ltr'>quidem,</span> <span class='ocrx_word' id='word_1_106' title='bbox 440 1435 586 1505; x_wconf 90' lang='lat' dir='ltr'>quatenus</span> <span class='ocrx_word' id='word_1_107' title='bbox 607 1426 721 1489; x_wconf 86' lang='lat' dir='ltr'>infinita</span> <span class='ocrx_word' id='word_1_108' title='bbox 742 1433 859 1489; x_wconf 89' lang='lat' dir='ltr'>constat</span> <span class='ocrx_word' id='word_1_109' title='bbox 885 1428 1013 1490; x_wconf 89' lang='lat' dir='ltr'>bonitate</span> <span class='ocrx_word' id='word_1_110' title='bbox 1033 1443 1069 1490; x_wconf 91' lang='lat' dir='ltr'>ac</span> <span class='ocrx_word' id='word_1_111' title='bbox 1091 1428 1198 1491; x_wconf 92' lang='lat' dir='ltr'>bonum</span> <span class='ocrx_word' id='word_1_112' title='bbox 1220 1436 1265 1490; x_wconf 89' lang='lat' dir='ltr'>est</span> <span class='ocrx_word' id='word_1_113' title='bbox 1285 1443 1461 1506; x_wconf 89' lang='lat' dir='ltr'>supremum</span> 
     </span>
     <span class='ocr_line' id='line_1_13' title="bbox 289 1521 1463 1605; baseline 0.003 -21"><span class='ocrx_word' id='word_1_114' title='bbox 289 1523 481 1587; x_wconf 90' lang='lat' dir='ltr'>iutercmnia.</span> <span class='ocrx_word' id='word_1_115' title='bbox 497 1521 546 1587; x_wconf 86' lang='lat' dir='ltr'>Sic</span> <span class='ocrx_word' id='word_1_116' title='bbox 567 1524 728 1586; x_wconf 87' lang='lat' dir='ltr'>maximum</span> <span class='ocrx_word' id='word_1_117' title='bbox 743 1540 873 1586; x_wconf 92' lang='lat' dir='ltr'>amorem</span> <span class='ocrx_word' id='word_1_118' title='bbox 889 1534 1018 1588; x_wconf 90' lang='lat' dir='ltr'>meretur</span> <span class='ocrx_word' id='word_1_119' title='bbox 1039 1526 1150 1603; x_wconf 91' lang='lat' dir='ltr'>duplici</span> <span class='ocrx_word' id='word_1_120' title='bbox 1171 1526 1297 1599; x_wconf 86' lang='lat' dir='ltr'>ratioue;</span> <span class='ocrx_word' id='word_1_121' title='bbox 1319 1526 1463 1605; x_wconf 89' lang='lat' dir='ltr'>primum,</span> 
     </span>
     <span class='ocr_line' id='line_1_14' title="bbox 290 1620 1464 1703; baseline 0.002 -20"><span class='ocrx_word' id='word_1_122' title='bbox 290 1620 359 1703; x_wconf 92' lang='lat' dir='ltr'>quia</span> <span class='ocrx_word' id='word_1_123' title='bbox 381 1621 406 1683; x_wconf 91' lang='lat' dir='ltr'>si</span> <span class='ocrx_word' id='word_1_124' title='bbox 422 1622 529 1684; x_wconf 91' lang='lat' dir='ltr'>bonum</span> <span class='ocrx_word' id='word_1_125' title='bbox 549 1628 596 1684; x_wconf 89' lang='lat' dir='ltr'>est</span> <span class='ocrx_word' id='word_1_126' title='bbox 610 1620 744 1695; x_wconf 82' lang='lat' dir='ltr'>amabile,</span> <span class='ocrx_word' id='word_1_127' title='bbox 760 1638 875 1684; x_wconf 89' lang='lat' dir='ltr'>summe</span> <span class='ocrx_word' id='word_1_128' title='bbox 891 1622 998 1685; x_wconf 92' lang='lat' dir='ltr'>bouum</span> <span class='ocrx_word' id='word_1_129' title='bbox 1019 1630 1064 1685; x_wconf 92' lang='lat' dir='ltr'>est</span> <span class='ocrx_word' id='word_1_130' title='bbox 1078 1639 1193 1685; x_wconf 89' lang='lat' dir='ltr'>summe</span> <span class='ocrx_word' id='word_1_131' title='bbox 1213 1621 1354 1696; x_wconf 87' lang='lat' dir='ltr'>amabile;</span> <span class='ocrx_word' id='word_1_132' title='bbox 1370 1623 1464 1701; x_wconf 87' lang='lat' dir='ltr'>idque</span> 
     </span>
     <span class='ocr_line' id='line_1_15' title="bbox 289 1716 1464 1799; baseline 0.003 -20"><span class='ocrx_word' id='word_1_133' title='bbox 289 1718 353 1799; x_wconf 88' lang='lat' dir='ltr'>ipse</span> <span class='ocrx_word' id='word_1_134' title='bbox 373 1734 471 1781; x_wconf 91' lang='lat' dir='ltr'>rerum</span> <span class='ocrx_word' id='word_1_135' title='bbox 491 1718 563 1781; x_wconf 87' lang='lat' dir='ltr'>oudo</span> <span class='ocrx_word' id='word_1_136' title='bbox 583 1718 738 1797; x_wconf 87' lang='lat' dir='ltr'>praeripit.</span> <span class='ocrx_word' id='word_1_137' title='bbox 760 1716 943 1797; x_wconf 91' lang='lat' dir='ltr'>Principium</span> <span class='ocrx_word' id='word_1_138' title='bbox 958 1722 1035 1783; x_wconf 91' lang='lat' dir='ltr'>enim</span> <span class='ocrx_word' id='word_1_139' title='bbox 1056 1720 1161 1783; x_wconf 83' lang='lat' dir='ltr'>iubens</span> <span class='ocrx_word' id='word_1_140' title='bbox 1181 1720 1293 1783; x_wconf 91' lang='lat' dir='ltr'>homini</span> <span class='ocrx_word' id='word_1_141' title='bbox 1316 1728 1348 1783; x_wconf 94' lang='lat' dir='ltr'>ut</span> <span class='ocrx_word' id='word_1_142' title='bbox 1362 1729 1464 1783; x_wconf 88' lang='lat' dir='ltr'>servet</span> 
     </span>
     <span class='ocr_line' id='line_1_16' title="bbox 290 1816 1462 1897; baseline 0.001 -18"><span class='ocrx_word' id='word_1_143' title='bbox 290 1824 320 1879; x_wconf 90' lang='lat' dir='ltr'>et</span> <span class='ocrx_word' id='word_1_144' title='bbox 340 1816 444 1895; x_wconf 81' lang='lat' dir='ltr'>diligat</span> <span class='ocrx_word' id='word_1_145' title='bbox 459 1816 599 1891; x_wconf 84' lang='lat' dir='ltr'>ordinem,</span> <span class='ocrx_word' id='word_1_146' title='bbox 615 1816 696 1880; x_wconf 89' lang='lat' dir='ltr'>iubet</span> <span class='ocrx_word' id='word_1_147' title='bbox 717 1818 807 1880; x_wconf 91' lang='lat' dir='ltr'>etiam</span> <span class='ocrx_word' id='word_1_148' title='bbox 824 1824 856 1879; x_wconf 92' lang='lat' dir='ltr'>ut</span> <span class='ocrx_word' id='word_1_149' title='bbox 876 1818 1005 1880; x_wconf 86' lang='lat' dir='ltr'>maxime</span> <span class='ocrx_word' id='word_1_150' title='bbox 1019 1817 1124 1897; x_wconf 80' lang='lat' dir='ltr'>diligat</span> <span class='ocrx_word' id='word_1_151' title='bbox 1144 1819 1253 1881; x_wconf 90' lang='lat' dir='ltr'>bouum</span> <span class='ocrx_word' id='word_1_152' title='bbox 1275 1817 1358 1897; x_wconf 81' lang='lat' dir='ltr'>illud,</span> <span class='ocrx_word' id='word_1_153' title='bbox 1379 1819 1462 1897; x_wconf 91' lang='lat' dir='ltr'>quod</span> 
     </span>
    </p>
   </div>
   <div class='ocr_carea' id='block_1_3' title="bbox 206 1913 1567 1993">
    <p class='ocr_par' dir='ltr' id='par_1_5' title="bbox 206 1913 1567 1993">
     <span class='ocr_line' id='line_1_17' title="bbox 206 1913 1567 1993; baseline 0.001 -16"><span class='ocrx_word' id='word_1_154' title='bbox 206 1946 209 1953; x_wconf 93' lang='lat'>·</span> <span class='ocrx_word' id='word_1_155' title='bbox 289 1920 337 1977; x_wconf 90' lang='lat' dir='ltr'>est</span> <span class='ocrx_word' id='word_1_156' title='bbox 350 1913 448 1991; x_wconf 89' lang='lat' dir='ltr'>ipsum</span> <span class='ocrx_word' id='word_1_157' title='bbox 470 1914 578 1975; x_wconf 91' lang='lat' dir='ltr'>bouum</span> <span class='ocrx_word' id='word_1_158' title='bbox 598 1922 628 1975; x_wconf 91' lang='lat' dir='ltr'>et</span> <span class='ocrx_word' id='word_1_159' title='bbox 642 1914 714 1977; x_wconf 90' lang='lat' dir='ltr'>ordo</span> <span class='ocrx_word' id='word_1_160' title='bbox 729 1914 906 1988; x_wconf 79' lang='lat' dir='ltr'>subsistens,</span> <span class='ocrx_word' id='word_1_161' title='bbox 919 1922 949 1977; x_wconf 92' lang='lat' dir='ltr'>et</span> <span class='ocrx_word' id='word_1_162' title='bbox 972 1916 999 1977; x_wconf 93' lang='lat' dir='ltr'>vi</span> <span class='ocrx_word' id='word_1_163' title='bbox 1014 1916 1099 1978; x_wconf 90' lang='lat' dir='ltr'>cuius</span> <span class='ocrx_word' id='word_1_164' title='bbox 1113 1914 1225 1993; x_wconf 86' lang='lat' dir='ltr'>reliqua</span> <span class='ocrx_word' id='word_1_165' title='bbox 1240 1916 1377 1977; x_wconf 87' lang='lat' dir='ltr'>ordinata</span> <span class='ocrx_word' id='word_1_166' title='bbox 1390 1924 1463 1978; x_wconf 90' lang='lat' dir='ltr'>sunt</span> <span class='ocrx_word' id='word_1_167' title='bbox 1565 1930 1567 1943; x_wconf 92' lang='lat'><em>·</em></span> 
     </span>
    </p>
   </div>
   <div class='ocr_carea' id='block_1_4' title="bbox 289 2008 1463 2385">
    <p class='ocr_par' dir='ltr' id='par_1_6' title="bbox 289 2008 1463 2385">
     <span class='ocr_line' id='line_1_18' title="bbox 291 2008 1463 2091; baseline 0.002 -18"><span class='ocrx_word' id='word_1_168' title='bbox 291 2027 326 2074; x_wconf 90' lang='lat' dir='ltr'>ac</span> <span class='ocrx_word' id='word_1_169' title='bbox 349 2012 433 2074; x_wconf 87' lang='lat' dir='ltr'>hona.</span> <span class='ocrx_word' id='word_1_170' title='bbox 454 2008 578 2089; x_wconf 84' lang='lat' dir='ltr'>Exque</span> <span class='ocrx_word' id='word_1_171' title='bbox 599 2012 789 2090; x_wconf 82' lang='lat' dir='ltr'>consequitur</span> <span class='ocrx_word' id='word_1_172' title='bbox 811 2021 844 2074; x_wconf 90' lang='lat' dir='ltr'>ut</span> <span class='ocrx_word' id='word_1_173' title='bbox 864 2010 945 2076; x_wconf 90' lang='lat' dir='ltr'>Deus</span> <span class='ocrx_word' id='word_1_174' title='bbox 959 2028 1015 2074; x_wconf 90' lang='lat' dir='ltr'>nnn</span> <span class='ocrx_word' id='word_1_175' title='bbox 1038 2014 1123 2076; x_wconf 92' lang='lat' dir='ltr'>modo</span> <span class='ocrx_word' id='word_1_176' title='bbox 1143 2012 1311 2091; x_wconf 83' lang='lat' dir='ltr'>diligendus</span> <span class='ocrx_word' id='word_1_177' title='bbox 1333 2010 1387 2086; x_wconf 84' lang='lat' dir='ltr'>sit3</span> <span class='ocrx_word' id='word_1_178' title='bbox 1408 2012 1463 2075; x_wconf 88' lang='lat' dir='ltr'>sed</span> 
     </span>
     <span class='ocr_line' id='line_1_19' title="bbox 289 2108 1462 2189; baseline 0.001 -17"><span class='ocrx_word' id='word_1_179' title='bbox 289 2110 377 2173; x_wconf 92' lang='lat' dir='ltr'>etiam</span> <span class='ocrx_word' id='word_1_180' title='bbox 393 2110 434 2172; x_wconf 89' lang='lat' dir='ltr'>ita</span> <span class='ocrx_word' id='word_1_181' title='bbox 450 2110 488 2171; x_wconf 93' lang='lat' dir='ltr'>sit</span> <span class='ocrx_word' id='word_1_182' title='bbox 503 2108 678 2187; x_wconf 84' lang='lat' dir='ltr'>diligendus,</span> <span class='ocrx_word' id='word_1_183' title='bbox 692 2117 724 2171; x_wconf 91' lang='lat' dir='ltr'>ut</span> <span class='ocrx_word' id='word_1_184' title='bbox 738 2108 805 2172; x_wconf 91' lang='lat' dir='ltr'>aliis</span> <span class='ocrx_word' id='word_1_185' title='bbox 819 2110 958 2172; x_wconf 90' lang='lat' dir='ltr'>omnihus</span> <span class='ocrx_word' id='word_1_186' title='bbox 971 2112 1162 2188; x_wconf 78' lang='lat' dir='ltr'>praeferatur,</span> <span class='ocrx_word' id='word_1_187' title='bbox 1177 2117 1321 2189; x_wconf 88' lang='lat' dir='ltr'>quotquot</span> <span class='ocrx_word' id='word_1_188' title='bbox 1331 2118 1462 2189; x_wconf 87' lang='lat' dir='ltr'>exstant,</span> 
     </span>
     <span class='ocr_line' id='line_1_20' title="bbox 290 2205 1463 2287; baseline -0.002 -16"><span class='ocrx_word' id='word_1_189' title='bbox 290 2208 374 2271; x_wconf 90' lang='lat' dir='ltr'>bonis</span> <span class='ocrx_word' id='word_1_190' title='bbox 396 2208 433 2269; x_wconf 91' lang='lat' dir='ltr'>ad</span> <span class='ocrx_word' id='word_1_191' title='bbox 453 2222 582 2270; x_wconf 88' lang='lat' dir='ltr'>amorem</span> <span class='ocrx_word' id='word_1_192' title='bbox 603 2206 831 2283; x_wconf 87' lang='lat' dir='ltr'>impellentibus.</span> <span class='ocrx_word' id='word_1_193' title='bbox 855 2205 1010 2271; x_wconf 87' lang='lat' dir='ltr'>Praeterea</span> <span class='ocrx_word' id='word_1_194' title='bbox 1031 2210 1057 2270; x_wconf 91' lang='lat' dir='ltr'>si</span> <span class='ocrx_word' id='word_1_195' title='bbox 1078 2208 1169 2283; x_wconf 86' lang='lat' dir='ltr'>Deus,</span> <span class='ocrx_word' id='word_1_196' title='bbox 1189 2216 1290 2287; x_wconf 85' lang='lat' dir='ltr'>utpote</span> <span class='ocrx_word' id='word_1_197' title='bbox 1310 2224 1363 2271; x_wconf 90' lang='lat' dir='ltr'>eus</span> <span class='ocrx_word' id='word_1_198' title='bbox 1383 2208 1463 2285; x_wconf 92' lang='lat' dir='ltr'>opti-</span> 
     </span>
     <span class='ocr_line' id='line_1_21' title="bbox 290 2304 1462 2385; baseline 0.001 -18"><span class='ocrx_word' id='word_1_199' title='bbox 290 2320 382 2379; x_wconf 91' lang='lat' dir='ltr'>mum,</span> <span class='ocrx_word' id='word_1_200' title='bbox 403 2304 470 2367; x_wconf 85' lang='lat' dir='ltr'>huis</span> <span class='ocrx_word' id='word_1_201' title='bbox 491 2314 537 2366; x_wconf 89' lang='lat' dir='ltr'>est</span> <span class='ocrx_word' id='word_1_202' title='bbox 557 2305 698 2367; x_wconf 89' lang='lat' dir='ltr'>bonorum</span> <span class='ocrx_word' id='word_1_203' title='bbox 721 2306 869 2379; x_wconf 77' lang='lat' dir='ltr'>omnium,</span> <span class='ocrx_word' id='word_1_204' title='bbox 890 2305 962 2369; x_wconf 90' lang='lat' dir='ltr'>ordo</span> <span class='ocrx_word' id='word_1_205' title='bbox 982 2313 1061 2369; x_wconf 76' lang='lat' dir='ltr'>cerm</span> <span class='ocrx_word' id='word_1_206' title='bbox 1082 2306 1195 2369; x_wconf 90' lang='lat' dir='ltr'>servari</span> <span class='ocrx_word' id='word_1_207' title='bbox 1216 2306 1327 2385; x_wconf 89' lang='lat' dir='ltr'>nequit,</span> <span class='ocrx_word' id='word_1_208' title='bbox 1348 2306 1407 2367; x_wconf 92' lang='lat' dir='ltr'>nisi</span> <span class='ocrx_word' id='word_1_209' title='bbox 1421 2307 1462 2368; x_wconf 92' lang='lat' dir='ltr'>ad</span> 
     </span>
    </p>
   </div>
   <div class='ocr_carea' id='block_1_5' title="bbox 202 2401 1462 2483">
    <p class='ocr_par' dir='ltr' id='par_1_7' title="bbox 202 2401 1462 2483">
     <span class='ocr_line' id='line_1_22' title="bbox 202 2401 1462 2483; baseline 0.002 -19"><span class='ocrx_word' id='word_1_210' title='bbox 202 2476 205 2481; x_wconf 23' lang='lat'>¹</span> <span class='ocrx_word' id='word_1_211' title='bbox 289 2404 386 2483; x_wconf 91' lang='lat' dir='ltr'>ipsum</span> <span class='ocrx_word' id='word_1_212' title='bbox 409 2410 506 2465; x_wconf 89' lang='lat' dir='ltr'>cetera</span> <span class='ocrx_word' id='word_1_213' title='bbox 527 2402 602 2465; x_wconf 93' lang='lat' dir='ltr'>bona</span> <span class='ocrx_word' id='word_1_214' title='bbox 623 2418 723 2465; x_wconf 88' lang='lat' dir='ltr'>revera</span> <span class='ocrx_word' id='word_1_215' title='bbox 745 2403 920 2481; x_wconf 80' lang='lat' dir='ltr'>dirigantur.</span> <span class='ocrx_word' id='word_1_216' title='bbox 941 2401 1037 2468; x_wconf 90' lang='lat' dir='ltr'>Homo</span> <span class='ocrx_word' id='word_1_217' title='bbox 1056 2405 1166 2483; x_wconf 88' lang='lat' dir='ltr'>itaque,</span> <span class='ocrx_word' id='word_1_218' title='bbox 1192 2404 1305 2483; x_wconf 86' lang='lat' dir='ltr'>quind</span> <span class='ocrx_word' id='word_1_219' title='bbox 1325 2406 1462 2468; x_wconf 87' lang='lat' dir='ltr'>ordinem</span> 
     </span>
    </p>
   </div>
   <div class='ocr_carea' id='block_1_6' title="bbox 287 2499 1465 3459">
    <p class='ocr_par' dir='ltr' id='par_1_8' title="bbox 287 2499 1465 3459">
     <span class='ocr_line' id='line_1_23' title="bbox 289 2499 1461 2579; baseline 0 -16"><span class='ocrx_word' id='word_1_220' title='bbox 289 2499 512 2563; x_wconf 89' lang='lat' dir='ltr'>custodiendum</span> <span class='ocrx_word' id='word_1_221' title='bbox 537 2505 660 2578; x_wconf 86' lang='lat' dir='ltr'>tenetur,</span> <span class='ocrx_word' id='word_1_222' title='bbox 683 2506 796 2563; x_wconf 90' lang='lat' dir='ltr'>tenetur</span> <span class='ocrx_word' id='word_1_223' title='bbox 820 2502 951 2579; x_wconf 87' lang='lat' dir='ltr'>prolecto</span> <span class='ocrx_word' id='word_1_224' title='bbox 975 2501 1014 2562; x_wconf 90' lang='lat' dir='ltr'>ad</span> <span class='ocrx_word' id='word_1_225' title='bbox 1039 2502 1187 2564; x_wconf 82' lang='lat' dir='ltr'>referenda</span> <span class='ocrx_word' id='word_1_226' title='bbox 1213 2503 1244 2563; x_wconf 90' lang='lat' dir='ltr'>in</span> <span class='ocrx_word' id='word_1_227' title='bbox 1265 2501 1359 2565; x_wconf 88' lang='lat' dir='ltr'>Deum</span> <span class='ocrx_word' id='word_1_228' title='bbox 1382 2504 1461 2565; x_wconf 93' lang='lat' dir='ltr'>bona</span> 
     </span>
     <span class='ocr_line' id='line_1_24' title="bbox 289 2596 1462 2678; baseline 0.001 -18"><span class='ocrx_word' id='word_1_229' title='bbox 289 2604 395 2661; x_wconf 89' lang='lat' dir='ltr'>cuncta</span> <span class='ocrx_word' id='word_1_230' title='bbox 410 2612 485 2675; x_wconf 89' lang='lat' dir='ltr'>quae</span> <span class='ocrx_word' id='word_1_231' title='bbox 505 2597 625 2674; x_wconf 90' lang='lat' dir='ltr'>appetit.</span> <span class='ocrx_word' id='word_1_232' title='bbox 651 2596 685 2660; x_wconf 96' lang='lat' dir='ltr'>ld</span> <span class='ocrx_word' id='word_1_233' title='bbox 706 2612 775 2660; x_wconf 90' lang='lat' dir='ltr'>vero</span> <span class='ocrx_word' id='word_1_234' title='bbox 796 2613 864 2660; x_wconf 92' lang='lat' dir='ltr'>cum</span> <span class='ocrx_word' id='word_1_235' title='bbox 885 2597 971 2660; x_wconf 88' lang='lat' dir='ltr'>aliter</span> <span class='ocrx_word' id='word_1_236' title='bbox 991 2599 1107 2661; x_wconf 87' lang='lat' dir='ltr'>efficere</span> <span class='ocrx_word' id='word_1_237' title='bbox 1128 2607 1262 2678; x_wconf 89' lang='lat' dir='ltr'>nequeat,</span> <span class='ocrx_word' id='word_1_238' title='bbox 1285 2598 1340 2661; x_wconf 93' lang='lat' dir='ltr'>nisi</span> <span class='ocrx_word' id='word_1_239' title='bbox 1362 2596 1462 2662; x_wconf 89' lang='lat' dir='ltr'>Deum</span> 
     </span>
     <span class='ocr_line' id='line_1_25' title="bbox 289 2693 1463 2775; baseline 0.004 -20"><span class='ocrx_word' id='word_1_240' title='bbox 289 2694 417 2757; x_wconf 85' lang='lat' dir='ltr'>maxime</span> <span class='ocrx_word' id='word_1_241' title='bbox 438 2694 554 2773; x_wconf 65' lang='lat' dir='ltr'>diligam</span> <span class='ocrx_word' id='word_1_242' title='bbox 575 2695 611 2756; x_wconf 89' lang='lat' dir='ltr'>ad</span> <span class='ocrx_word' id='word_1_243' title='bbox 627 2693 812 2758; x_wconf 89' lang='lat' dir='ltr'>dilectionem</span> <span class='ocrx_word' id='word_1_244' title='bbox 833 2696 910 2757; x_wconf 90' lang='lat' dir='ltr'>banc</span> <span class='ocrx_word' id='word_1_245' title='bbox 925 2696 1073 2771; x_wconf 87' lang='lat' dir='ltr'>reapseri</span> <span class='ocrx_word' id='word_1_246' title='bbox 1094 2696 1206 2760; x_wconf 90' lang='lat' dir='ltr'>ordinis</span> <span class='ocrx_word' id='word_1_247' title='bbox 1227 2696 1385 2775; x_wconf 82' lang='lat' dir='ltr'>obligatur.</span> <span class='ocrx_word' id='word_1_248' title='bbox 1402 2695 1463 2760; x_wconf 83' lang='lat' dir='ltr'>lle·</span> 
     </span>
     <span class='ocr_line' id='line_1_26' title="bbox 288 2792 1465 2872; baseline 0.002 -17"><span class='ocrx_word' id='word_1_249' title='bbox 288 2792 378 2855; x_wconf 85' lang='lat' dir='ltr'>latire</span> <span class='ocrx_word' id='word_1_250' title='bbox 392 2799 490 2853; x_wconf 90' lang='lat' dir='ltr'>autem</span> <span class='ocrx_word' id='word_1_251' title='bbox 512 2792 741 2870; x_wconf 90' lang='lat' dir='ltr'>apprehenditur</span> <span class='ocrx_word' id='word_1_252' title='bbox 757 2809 873 2855; x_wconf 92' lang='lat' dir='ltr'>summa</span> <span class='ocrx_word' id='word_1_253' title='bbox 895 2792 948 2857; x_wconf 89' lang='lat' dir='ltr'>Dei</span> <span class='ocrx_word' id='word_1_254' title='bbox 971 2795 1095 2869; x_wconf 90' lang='lat' dir='ltr'>bouitas,</span> <span class='ocrx_word' id='word_1_255' title='bbox 1114 2811 1182 2858; x_wconf 92' lang='lat' dir='ltr'>cum</span> <span class='ocrx_word' id='word_1_256' title='bbox 1204 2794 1363 2872; x_wconf 88' lang='lat' dir='ltr'>inspicitur</span> <span class='ocrx_word' id='word_1_257' title='bbox 1384 2801 1465 2857; x_wconf 89' lang='lat' dir='ltr'>tam·</span> 
     </span>
     <span class='ocr_line' id='line_1_27' title="bbox 287 2889 1462 2971; baseline 0.004 -20"><span class='ocrx_word' id='word_1_258' title='bbox 287 2905 378 2969; x_wconf 90' lang='lat' dir='ltr'>quam</span> <span class='ocrx_word' id='word_1_259' title='bbox 399 2904 568 2967; x_wconf 90' lang='lat' dir='ltr'>supremum</span> <span class='ocrx_word' id='word_1_260' title='bbox 583 2889 656 2952; x_wconf 92' lang='lat' dir='ltr'>illud</span> <span class='ocrx_word' id='word_1_261' title='bbox 678 2891 796 2967; x_wconf 89' lang='lat' dir='ltr'>bonurn,</span> <span class='ocrx_word' id='word_1_262' title='bbox 811 2891 842 2953; x_wconf 90' lang='lat' dir='ltr'>in</span> <span class='ocrx_word' id='word_1_263' title='bbox 855 2907 914 2971; x_wconf 93' lang='lat' dir='ltr'>qun</span> <span class='ocrx_word' id='word_1_264' title='bbox 927 2891 1053 2955; x_wconf 82' lang='lat' dir='ltr'>felicitas</span> <span class='ocrx_word' id='word_1_265' title='bbox 1076 2894 1204 2955; x_wconf 91' lang='lat' dir='ltr'>humana</span> <span class='ocrx_word' id='word_1_266' title='bbox 1219 2892 1365 2966; x_wconf 90' lang='lat' dir='ltr'>consistit,</span> <span class='ocrx_word' id='word_1_267' title='bbox 1378 2900 1462 2956; x_wconf 85' lang='lat' dir='ltr'>etex</span> 
     </span>
     <span class='ocr_line' id='line_1_28' title="bbox 287 2983 1464 3067; baseline 0.003 -18"><span class='ocrx_word' id='word_1_268' title='bbox 287 3004 349 3067; x_wconf 92' lang='lat' dir='ltr'>quo</span> <span class='ocrx_word' id='word_1_269' title='bbox 364 2987 507 3065; x_wconf 87' lang='lat' dir='ltr'>completa</span> <span class='ocrx_word' id='word_1_270' title='bbox 531 2988 669 3065; x_wconf 84' lang='lat' dir='ltr'>perfectio</span> <span class='ocrx_word' id='word_1_271' title='bbox 683 2988 711 3050; x_wconf 91' lang='lat' dir='ltr'>in</span> <span class='ocrx_word' id='word_1_272' title='bbox 727 3003 780 3051; x_wconf 91' lang='lat' dir='ltr'>nos</span> <span class='ocrx_word' id='word_1_273' title='bbox 794 2989 1001 3066; x_wconf 83' lang='lat' dir='ltr'>proficiscitur.</span> <span class='ocrx_word' id='word_1_274' title='bbox 1018 2988 1099 3053; x_wconf 87' lang='lat' dir='ltr'>Deus</span> <span class='ocrx_word' id='word_1_275' title='bbox 1113 2983 1223 3064; x_wconf 89' lang='lat' dir='ltr'>autem,</span> <span class='ocrx_word' id='word_1_276' title='bbox 1238 2992 1284 3053; x_wconf 91' lang='lat' dir='ltr'>sic</span> <span class='ocrx_word' id='word_1_277' title='bbox 1298 2989 1464 3067; x_wconf 90' lang='lat' dir='ltr'>inspectus,</span> 
     </span>
     <span class='ocr_line' id='line_1_29' title="bbox 291 3084 1464 3167; baseline 0.003 -19"><span class='ocrx_word' id='word_1_278' title='bbox 291 3086 331 3148; x_wconf 88' lang='lat' dir='ltr'>ad</span> <span class='ocrx_word' id='word_1_279' title='bbox 352 3101 479 3148; x_wconf 87' lang='lat' dir='ltr'>amorem</span> <span class='ocrx_word' id='word_1_280' title='bbox 501 3085 603 3165; x_wconf 91' lang='lat' dir='ltr'>procul</span> <span class='ocrx_word' id='word_1_281' title='bbox 623 3086 712 3148; x_wconf 92' lang='lat' dir='ltr'>dubio</span> <span class='ocrx_word' id='word_1_282' title='bbox 732 3085 899 3165; x_wconf 81' lang='lat' dir='ltr'>adstringit.</span> <span class='ocrx_word' id='word_1_283' title='bbox 914 3084 1010 3150; x_wconf 90' lang='lat' dir='ltr'>Homo</span> <span class='ocrx_word' id='word_1_284' title='bbox 1032 3088 1109 3149; x_wconf 90' lang='lat' dir='ltr'>enim</span> <span class='ocrx_word' id='word_1_285' title='bbox 1131 3104 1301 3167; x_wconf 89' lang='lat' dir='ltr'>supremam</span> <span class='ocrx_word' id='word_1_286' title='bbox 1323 3089 1372 3150; x_wconf 92' lang='lat' dir='ltr'>sui</span> <span class='ocrx_word' id='word_1_287' title='bbox 1394 3103 1464 3165; x_wconf 89' lang='lat' dir='ltr'>per-</span> 
     </span>
     <span class='ocr_line' id='line_1_30' title="bbox 288 3182 1461 3264; baseline 0.003 -19"><span class='ocrx_word' id='word_1_288' title='bbox 288 3184 443 3247; x_wconf 84' lang='lat' dir='ltr'>lectionem</span> <span class='ocrx_word' id='word_1_289' title='bbox 467 3191 497 3246; x_wconf 88' lang='lat' dir='ltr'>et</span> <span class='ocrx_word' id='word_1_290' title='bbox 520 3182 688 3246; x_wconf 81' lang='lat' dir='ltr'>felicitatem</span> <span class='ocrx_word' id='word_1_291' title='bbox 715 3182 836 3262; x_wconf 83' lang='lat' dir='ltr'>diligere</span> <span class='ocrx_word' id='word_1_292' title='bbox 862 3193 991 3260; x_wconf 87' lang='lat' dir='ltr'>tenetur;</span> <span class='ocrx_word' id='word_1_293' title='bbox 1020 3187 1129 3263; x_wconf 90' lang='lat' dir='ltr'>quippe</span> <span class='ocrx_word' id='word_1_294' title='bbox 1155 3201 1223 3248; x_wconf 90' lang='lat' dir='ltr'>cum</span> <span class='ocrx_word' id='word_1_295' title='bbox 1249 3194 1369 3264; x_wconf 89' lang='lat' dir='ltr'>propter</span> <span class='ocrx_word' id='word_1_296' title='bbox 1392 3202 1461 3248; x_wconf 89' lang='lat' dir='ltr'>eam</span> 
     </span>
     <span class='ocr_line' id='line_1_31' title="bbox 288 3279 1464 3361; baseline 0.001 -16"><span class='ocrx_word' id='word_1_297' title='bbox 288 3289 386 3345; x_wconf 89' lang='lat' dir='ltr'>cetera</span> <span class='ocrx_word' id='word_1_298' title='bbox 401 3281 515 3360; x_wconf 80' lang='lat' dir='ltr'>diligat,</span> <span class='ocrx_word' id='word_1_299' title='bbox 530 3288 618 3359; x_wconf 89' lang='lat' dir='ltr'>atque</span> <span class='ocrx_word' id='word_1_300' title='bbox 632 3280 668 3342; x_wconf 91' lang='lat' dir='ltr'>ad</span> <span class='ocrx_word' id='word_1_301' title='bbox 684 3279 765 3342; x_wconf 88' lang='lat' dir='ltr'>illam</span> <span class='ocrx_word' id='word_1_302' title='bbox 781 3280 898 3344; x_wconf 90' lang='lat' dir='ltr'>taudem</span> <span class='ocrx_word' id='word_1_303' title='bbox 914 3282 1072 3361; x_wconf 86' lang='lat' dir='ltr'>aliquando</span> <span class='ocrx_word' id='word_1_304' title='bbox 1086 3283 1315 3361; x_wconf 89' lang='lat' dir='ltr'>comparandam</span> <span class='ocrx_word' id='word_1_305' title='bbox 1328 3283 1464 3346; x_wconf 89' lang='lat' dir='ltr'>actiones</span> 
     </span>
     <span class='ocr_line' id='line_1_32' title="bbox 290 3377 929 3459; baseline -0.002 -18"><span class='ocrx_word' id='word_1_306' title='bbox 290 3397 368 3455; x_wconf 90' lang='lat' dir='ltr'>suas,</span> <span class='ocrx_word' id='word_1_307' title='bbox 388 3379 530 3459; x_wconf 89' lang='lat' dir='ltr'>implicite</span> <span class='ocrx_word' id='word_1_308' title='bbox 551 3377 665 3451; x_wconf 87' lang='lat' dir='ltr'>saltem,</span> <span class='ocrx_word' id='word_1_309' title='bbox 687 3378 795 3441; x_wconf 82' lang='lat' dir='ltr'>reterre</span> <span class='ocrx_word' id='word_1_310' title='bbox 815 3380 929 3443; x_wconf 88' lang='lat' dir='ltr'>debeat.</span> 
     </span>
    </p>
   </div>
   <div class='ocr_carea' id='block_1_7' title="bbox 667 3587 1074 3673">
    <p class='ocr_par' dir='ltr' id='par_1_9' title="bbox 667 3587 1074 3673">
     <span class='ocr_line' id='line_1_33' title="bbox 667 3587 1074 3673; baseline 0.007 -21"><span class='ocrx_word' id='word_1_311' title='bbox 667 3587 843 3655; x_wconf 79' lang='lat' dir='ltr'>Solvuntur</span> <span class='ocrx_word' id='word_1_312' title='bbox 863 3590 1074 3673; x_wconf 76' lang='lat' dir='ltr'>difficultates.</span> 
     </span>
    </p>
   </div>
   <div class='ocr_carea' id='block_1_8' title="bbox 288 3767 1465 4341">
    <p class='ocr_par' dir='ltr' id='par_1_10' title="bbox 289 3767 1462 3949">
     <span class='ocr_line' id='line_1_34' title="bbox 329 3767 1462 3853; baseline 0.005 -20"><span class='ocrx_word' id='word_1_313' title='bbox 329 3769 376 3835; x_wconf 62' lang='lat'>32.</span> <span class='ocrx_word' id='word_1_314' title='bbox 392 3767 483 3834; x_wconf 82' lang='lat' dir='ltr'>Obiic.</span> <span class='ocrx_word' id='word_1_315' title='bbox 498 3767 520 3833; x_wconf 94' lang='lat' dir='ltr'>l.</span> <span class='ocrx_word' id='word_1_316' title='bbox 533 3768 613 3833; x_wconf 91' lang='lat' dir='ltr'>Deus</span> <span class='ocrx_word' id='word_1_317' title='bbox 627 3784 683 3832; x_wconf 91' lang='lat' dir='ltr'>uon</span> <span class='ocrx_word' id='word_1_318' title='bbox 699 3778 765 3849; x_wconf 84' lang='lat' dir='ltr'>eget</span> <span class='ocrx_word' id='word_1_319' title='bbox 781 3770 930 3849; x_wconf 88' lang='lat' dir='ltr'>obsequiis</span> <span class='ocrx_word' id='word_1_320' title='bbox 943 3779 1104 3835; x_wconf 87' lang='lat' dir='ltr'>creaturae.</span> <span class='ocrx_word' id='word_1_321' title='bbox 1118 3771 1199 3853; x_wconf 81' lang='lat' dir='ltr'>Ergo</span> <span class='ocrx_word' id='word_1_322' title='bbox 1213 3774 1311 3838; x_wconf 87' lang='lat' dir='ltr'>officia</span> <span class='ocrx_word' id='word_1_323' title='bbox 1326 3774 1462 3839; x_wconf 88' lang='lat' dir='ltr'>hominis</span> 
     </span>
     <span class='ocr_line' id='line_1_35' title="bbox 289 3867 1036 3949; baseline -0.005 -20"><span class='ocrx_word' id='word_1_324' title='bbox 289 3882 360 3945; x_wconf 80' lang='lat' dir='ltr'>erga</span> <span class='ocrx_word' id='word_1_325' title='bbox 381 3867 474 3932; x_wconf 90' lang='lat' dir='ltr'>Deum</span> <span class='ocrx_word' id='word_1_326' title='bbox 496 3883 569 3931; x_wconf 91' lang='lat' dir='ltr'>vana</span> <span class='ocrx_word' id='word_1_327' title='bbox 591 3875 669 3930; x_wconf 89' lang='lat' dir='ltr'>sunt.</span> <span class='ocrx_word' id='word_1_328' title='bbox 977 3944 979 3949; x_wconf 23' lang='grc' dir='ltr'>Ι</span> <span class='ocrx_word' id='word_1_329' title='bbox 1033 3922 1036 3925; x_wconf 78' lang='grc'>,</span> 
     </span>
    </p>

    <p class='ocr_par' dir='ltr' id='par_1_11' title="bbox 288 3962 1465 4341">
     <span class='ocr_line' id='line_1_36' title="bbox 329 3962 1465 4049; baseline 0.007 -22"><span class='ocrx_word' id='word_1_330' title='bbox 329 3962 366 4027; x_wconf 90' lang='lat' dir='ltr'>R.</span> <span class='ocrx_word' id='word_1_331' title='bbox 382 3962 470 4044; x_wconf 78' lang='lat' dir='ltr'>Nepa</span> <span class='ocrx_word' id='word_1_332' title='bbox 484 3966 696 4047; x_wconf 65' lang='lat' dir='ltr'>suppositum·</span> <span class='ocrx_word' id='word_1_333' title='bbox 716 3981 821 4044; x_wconf 88' lang='lat' dir='ltr'>nempe</span> <span class='ocrx_word' id='word_1_334' title='bbox 839 3967 915 4044; x_wconf 92' lang='lat' dir='ltr'>quod</span> <span class='ocrx_word' id='word_1_335' title='bbox 935 3966 1019 4045; x_wconf 86' lang='lat' dir='ltr'>ratio,</span> <span class='ocrx_word' id='word_1_336' title='bbox 1034 3983 1087 4029; x_wconf 85' lang='lat' dir='ltr'>cur</span> <span class='ocrx_word' id='word_1_337' title='bbox 1108 3964 1170 4033; x_wconf 89' lang='lat' dir='ltr'>Deo</span> <span class='ocrx_word' id='word_1_338' title='bbox 1184 3970 1358 4049; x_wconf 86' lang='lat' dir='ltr'>obsequium</span> <span class='ocrx_word' id='word_1_339' title='bbox 1375 3986 1465 4049; x_wconf 88' lang='lat' dir='ltr'>prae·</span> 
     </span>
     <span class='ocr_line' id='line_1_37' title="bbox 288 4053 1464 4143; baseline 0.005 -18"><span class='ocrx_word' id='word_1_340' title='bbox 288 4071 366 4125; x_wconf 91' lang='lat' dir='ltr'>stare</span> <span class='ocrx_word' id='word_1_341' title='bbox 387 4069 526 4139; x_wconf 90' lang='lat' dir='ltr'>tenemur,</span> <span class='ocrx_word' id='word_1_342' title='bbox 549 4065 671 4142; x_wconf 89' lang='lat' dir='ltr'>petenda</span> <span class='ocrx_word' id='word_1_343' title='bbox 694 4064 733 4127; x_wconf 89' lang='lat' dir='ltr'>sit</span> <span class='ocrx_word' id='word_1_344' title='bbox 757 4078 794 4126; x_wconf 89' lang='lat' dir='ltr'>ex</span> <span class='ocrx_word' id='word_1_345' title='bbox 814 4063 881 4127; x_wconf 87' lang='lat' dir='ltr'>eius</span> <span class='ocrx_word' id='word_1_346' title='bbox 899 4063 1067 4143; x_wconf 81' lang='lat' dir='ltr'>indigentia.</span> <span class='ocrx_word' id='word_1_347' title='bbox 1090 4063 1178 4129; x_wconf 89' lang='lat' dir='ltr'>Ratio</span> <span class='ocrx_word' id='word_1_348' title='bbox 1200 4053 1269 4130; x_wconf 86' lang='lat' dir='ltr'>vera</span> <span class='ocrx_word' id='word_1_349' title='bbox 1292 4068 1464 4131; x_wconf 82' lang='lat' dir='ltr'>desumitur</span> 
     </span>
     <span class='ocr_line' id='line_1_38' title="bbox 288 4162 1461 4244; baseline 0.003 -19"><span class='ocrx_word' id='word_1_350' title='bbox 288 4177 325 4225; x_wconf 85' lang='lat' dir='ltr'>ex</span> <span class='ocrx_word' id='word_1_351' title='bbox 346 4168 487 4237; x_wconf 89' lang='lat' dir='ltr'>conceptu</span> <span class='ocrx_word' id='word_1_352' title='bbox 507 4162 617 4223; x_wconf 90' lang='lat' dir='ltr'>ordinis</span> <span class='ocrx_word' id='word_1_353' title='bbox 638 4168 668 4224; x_wconf 92' lang='lat' dir='ltr'>et</span> <span class='ocrx_word' id='word_1_354' title='bbox 688 4162 829 4237; x_wconf 88' lang='lat' dir='ltr'>iustitiae,</span> <span class='ocrx_word' id='word_1_355' title='bbox 849 4162 900 4240; x_wconf 94' lang='lat' dir='ltr'>qui</span> <span class='ocrx_word' id='word_1_356' title='bbox 921 4162 1004 4224; x_wconf 91' lang='lat' dir='ltr'>iubet</span> <span class='ocrx_word' id='word_1_357' title='bbox 1026 4172 1058 4224; x_wconf 92' lang='lat' dir='ltr'>ut</span> <span class='ocrx_word' id='word_1_358' title='bbox 1078 4163 1185 4242; x_wconf 93' lang='lat' dir='ltr'>cuique</span> <span class='ocrx_word' id='word_1_359' title='bbox 1206 4165 1354 4227; x_wconf 90' lang='lat' dir='ltr'>tribuatur</span> <span class='ocrx_word' id='word_1_360' title='bbox 1375 4166 1461 4244; x_wconf 95' lang='lat' dir='ltr'>quod</span> 
     </span>
     <span class='ocr_line' id='line_1_39' title="bbox 288 4257 1461 4341; baseline 0.002 -18"><span class='ocrx_word' id='word_1_361' title='bbox 288 4260 419 4324; x_wconf 88' lang='lat' dir='ltr'>debetur.</span> <span class='ocrx_word' id='word_1_362' title='bbox 443 4257 503 4323; x_wconf 90' lang='lat' dir='ltr'>Deo</span> <span class='ocrx_word' id='word_1_363' title='bbox 527 4266 623 4321; x_wconf 88' lang='lat' dir='ltr'>autem</span> <span class='ocrx_word' id='word_1_364' title='bbox 645 4259 767 4323; x_wconf 87' lang='lat' dir='ltr'>debetur</span> <span class='ocrx_word' id='word_1_365' title='bbox 788 4268 821 4321; x_wconf 94' lang='lat' dir='ltr'>ut</span> <span class='ocrx_word' id='word_1_366' title='bbox 845 4267 980 4323; x_wconf 88' lang='lat' dir='ltr'>creatura</span> <span class='ocrx_word' id='word_1_367' title='bbox 1005 4260 1149 4339; x_wconf 91' lang='lat' dir='ltr'>quidquid</span> <span class='ocrx_word' id='word_1_368' title='bbox 1172 4261 1263 4325; x_wconf 92' lang='lat' dir='ltr'>habet</span> <span class='ocrx_word' id='word_1_369' title='bbox 1290 4262 1329 4325; x_wconf 93' lang='lat' dir='ltr'>ad</span> <span class='ocrx_word' id='word_1_370' title='bbox 1356 4262 1461 4341; x_wconf 90' lang='lat' dir='ltr'>ipsum</span> 
     </span>
    </p>
   </div>
   <div class='ocr_carea' id='block_1_9' title="bbox 0 0 1584 4932">
    <p class='ocr_par' dir='ltr' id='par_1_12' title="bbox 0 0 1584 4932">
     <span class='ocr_line' id='line_1_40' title="bbox 0 0 1584 4932; baseline 0 0"><span class='ocrx_word' id='word_1_371' title='bbox 0 0 1584 4932; x_wconf 95' lang='lat' dir='ltr'> </span> 
     </span>
    </p>
   </div>
  </div>
 </body>
</html>
