3159 4934
244 309 327 354 CAPUT
346 312 371 353 ll.
390 312 425 354 DE
442 310 605 354 OPERATIONE
623 312 731 353 domnus
751 310 837 352 Paour
856 309 1004 353 ossbirisruit
1023 310 1050 350 IN
1069 310 1148 351 renuti
1250 295 1286 353 59

118 425 265 488 obiectum
288 425 460 487 sumendum
481 439 547 486 esse
568 425 597 486 in
623 425 734 486 ratione
755 423 880 496 turmali,
901 439 955 485 seu
979 425 1036 486 sub
1060 418 1285 502 respectuque

117 524 272 602 attingitur
292 525 330 586 ab
350 531 496 601 operante.
513 521 668 585 Obiectum
683 523 759 586 enirn
782 523 812 584 in
833 537 865 582 se
884 537 973 582 uuum
995 522 1131 599 idemque
1152 536 1287 605 manens,

118 621 227 683 variari
248 628 342 699 potest
355 622 455 697 quoad
472 621 612 684 rationem
627 621 791 696 formalem,
813 628 900 698 prout
919 620 976 683 sub
996 636 1054 682 una
1075 621 1284 700 potiusquam

117 719 175 781 alia
196 719 334 783 relatione
355 720 539 797 inspiciatur.

157 814 243 880 Prob.
267 818 393 880 secunda
416 833 494 895 pars.
516 815 607 898 Finis,
629 817 717 880 etirtm
740 825 809 880 curn
830 817 965 880 diversus
986 825 1032 879 est
1052 817 1091 880 ab
1110 817 1235 894 obiecto,
1254 819 1285 879 in

116 915 196 994 quod
216 917 308 979 fertur
327 917 468 994 operatio,
495 931 596 980 revera
622 916 759 977 terminat
781 905 881 1023 aetum
908 914 1075 991 voluntatis,
1103 914 1285 994 impellitque

116 1001 285 1091 operantem
307 1013 507 1076 adactionem
530 1014 711 1077 eliciendam.
733 1011 813 1090 Ergo
833 1013 922 1075 etiam
944 1015 1009 1091 ipse
1032 1013 1122 1075 babet
1143 1013 1284 1076 rationem

117 1111 280 1182 terminio
290 1128 407 1186 causae,
423 1119 665 1196 respectuaactus.
681 1109 740 1174 Suo
754 1110 845 1190 igitur
859 1111 945 1175 modo
960 1113 989 1173 in
1003 1112 1069 1173 eius
1088 1111 1284 1174 moralitatem

116 1223 220 1287 reapse
234 1209 338 1272 iulluit.
353 1209 446 1273 lmmo
462 1210 634 1287 plerumque
649 1225 756 1272 novam
771 1209 899 1286 speciem
917 1208 1022 1270 tribuit
1036 1209 1155 1271 actioni.
1170 1206 1220 1272 Sic
1233 1209 1285 1287 qui

114 1307 329 1386 eleemosynam
357 1308 501 1386 elargitur
527 1323 563 1371 ex
591 1307 700 1370 motivo
724 1307 881 1386 religionis,
902 1308 1046 1380 actionem
1072 1307 1149 1370 iacit.
1172 1308 1284 1385 duplici

115 1407 252 1469 allectum
277 1406 413 1469 bonitate.

157 1502 244 1566 Prob.
268 1505 352 1566 tertia
374 1520 453 1582 pars.
469 1504 616 1568 Adiuncto
636 1503 680 1566 vel
702 1504 952 1576 circumstantiae,
965 1519 1042 1581 quae
1063 1504 1210 1567 obiectum
1234 1513 1301 1567 uut'

114 1609 283 1678 operantem
299 1602 440 1680 afficiunt,
452 1617 482 1665 se
498 1603 605 1664 babent
619 1602 649 1664 in
661 1603 778 1666 modum
791 1601 986 1665 accidentium
1001 1609 1136 1678 respectu
1147 1603 1282 1667 actionis.

115 1897 236 1960 brorum
257 1902 393 1973 respectu
415 1897 551 1959 bominis.
573 1886 652 1974 Ergo
673 1911 709 1957 ex
730 1896 973 1974 circumstantiis,
995 1912 1041 1957 er.
1057 1911 1101 1974 gr.
1120 1894 1189 1969 loci,
1211 1903 1285 1959 tem·

114 1993 205 2072 poris,
225 1993 377 2072 qualitatis
399 2009 538 2070 personae
557 2003 587 2056 et
612 1993 753 2056 similium
782 1993 901 2058 aduenit
928 1995 1036 2056 actioni
1064 1993 1276 2056 incrementum

113 2090 235 2169 aliquod
255 2090 300 2154 rel
321 2091 537 2154 decrementum
558 2091 655 2170 quoad
675 2091 739 2154 eius
762 2089 966 2164 moralitatem,
988 2092 1196 2170 quamvisnon
1210 2092 1281 2155 dent

114 2191 253 2268 speciem.

156 2285 198 2352 Ut
217 2289 317 2366 itaque
338 2289 484 2350 humanus
498 2295 583 2351 actus
604 2288 737 2350 absolute
758 2287 797 2350 sit
812 2290 914 2360 bonus,
935 2304 972 2350 er
993 2287 1073 2350 nulla
1094 2289 1200 2352 barum
1217 2306 1286 2368 par·
1309 2283 1316 2300 ’

117 2387 191 2447 tium
214 2401 333 2464 peccare
355 2385 453 2462 debet,
476 2401 571 2459 secus,
591 2386 795 2464 quadantenus
817 2385 931 2458 saltem,
951 2387 1008 2472 erit
1029 2385 1132 2449 malus.
1154 2384 1231 2450 Hine
1252 2389 1282 2449 iu

114 2483 277 2546 moralibus
291 2490 424 2546 exortum
439 2478 483 2546 est
496 2485 698 2606 Querbium:
711 2480 842 2546 Bonam
855 2501 894 2545 ec
907 2482 1032 2562 ioteqra
1041 2500 1148 2558 causa,
1162 2481 1281 2546 matam

113 2599 154 2644 ece
175 2597 362 2661 quocumque
382 2579 512 2654 defectu.
965 2576 981 2631 f

156 2676 204 2741 52.
228 2676 401 2743 Prorosrrro
418 2677 461 2742 2⁵.
476 2677 553 2741 Etsi
572 2676 689 2742 duntur
709 2681 799 2742 actos
819 2677 952 2740 humaui
970 2677 1139 2741 secondom
1152 2680 1284 2758 speciem

114 2779 146 2838 et
166 2773 355 2839 abaductam
377 2775 650 2840 considerationem
670 2774 893 2853 indifferentes,
922 2775 1036 2839 notros
1066 2779 1169 2840 tamen
1188 2777 1285 2840 detur

114 2876 207 2938 octus
229 2871 384 2938 humanus
405 2872 588 2952 indifferens
608 2873 643 2936 c'n
663 2872 833 2948 indiuiduo,
856 2891 912 2936 seu
933 2879 1071 2938 marrata
1090 2878 1258 2954 spectatus.

157 2972 245 3037 Prob.
274 2973 368 3049 prima
397 2987 475 3049 pars.
505 2972 600 3036 Actus
628 2973 750 3035 humaui
775 2971 935 3035 desumunt
956 2973 1082 3050 speciem
1104 2989 1141 3036 ex
1162 2974 1286 3038 obiecto.

114 3073 209 3152 Atqui
223 3071 331 3133 dantur
351 3071 465 3134 obiecta
479 3086 563 3149 quae,
585 3071 767 3134 considerata
782 3071 983 3160 inu-abstracto
997 3078 1027 3134 et
1042 3086 1093 3149 per
1107 3087 1147 3162 se,
1159 3072 1279 3135 nullam

114 3170 318 3249 praescierunt
338 3168 506 3232 relationem
532 3165 747 3231 convenientiae
771 3169 816 3231 vel
837 3158 1149 3246 discrepabdae‘cim
1169 3171 1282 3246 ordine,

115 3285 203 3347 quem
226 3271 313 3332 homo
335 3267 470 3346 prosequi
486 3275 609 3340 tenetur,
624 3267 673 3332 sed
690 3267 786 3342 potius
808 3265 877 3328 talia
898 3274 977 3340 suut,
993 3275 1025 3328 ut
1040 3275 1154 3330 tanturn
1170 3269 1281 3332 ratione

116 3366 185 3428 finis
197 3366 228 3426 in
243 3366 351 3428 bonurn
366 3363 411 3427 rel
426 3364 536 3426 malum
552 3363 680 3442 torqueri
696 3363 816 3442 possint.
832 3362 975 3442 Exemplo
994 3365 1053 3428 siut
1075 3365 1285 3440 deambulatio,

118 3469 265 3539 gestamen
281 3477 440 3538 armorum,
456 3462 721 3541 indicationeque
742 3461 800 3524 alia
815 3463 929 3540 generis
942 3462 1083 3524 eiusdem.
1098 3461 1178 3541 Ergo
1198 3472 1283 3526 actus

116 3560 248 3639 humani,
262 3561 309 3622 his
331 3559 547 3638 respondentes
567 3576 617 3639 per
639 3577 671 3622 se
690 3568 719 3623 et
742 3561 900 3622 secundum
916 3561 1096 3624 abstractam
1118 3562 1284 3625 considera·

116 3659 236 3738 tionem,
255 3677 309 3724 nec
330 3661 398 3724 boni
418 3677 471 3724 nec
493 3660 562 3722 mali
583 3660 733 3723 moraliter
752 3659 812 3724 dici
835 3668 968 3738 possunt.

159 3755 244 3822 Prob.
265 3760 393 3822 secunda
415 3776 491 3838 pars.
514 3759 603 3822 Actio
624 3758 750 3841 sumitur
760 3759 796 3833 in
818 3770 964 3832 concreto,
980 3774 1049 3821 cum
1063 3759 1220 3837 inspicitur
1235 3776 1286 3822 ve-

114 3855 188 3918 stita
210 3857 450 3933 circumstantiis,
470 3873 547 3936 quae
562 3849 677 3934 semper
698 3856 814 3935 aliquae
828 3857 945 3930 adsunt,
966 3865 995 3918 et
1013 3859 1070 3920 sub
1090 3857 1283 3920 determinato

113 3956 187 4027 fine,
208 3964 323 4032 pmptcr
343 3971 430 4033 quem
452 3963 605 4017 exercetur
625 3955 663 4016 ab
684 3963 831 4032 operante.
853 3952 931 4016 Hinc
953 3970 1020 4015 cum
1043 3955 1283 4018 circumstantiae
1319 3982 1321 3987 ·

113 4049 233 4130 possint
252 4067 316 4115 esse
337 4053 430 4115 bonae
457 4051 503 4115 rel
524 4052 628 4129 malae,
648 4058 687 4124 et,
708 4051 827 4112 etiamsi
850 4050 1046 4114 indifferentes
1071 4053 1137 4131 sint,
1159 4068 1284 4130 operans

113 4147 217 4228 (modo
238 4163 273 4212 ex
293 4150 475 4233 advertentia
497 4149 602 4210 mentis
618 4148 699 4228 agat)
715 4163 831 4226 semper
851 4148 888 4210 ad
909 4149 1286 4228 tinemnlqonestnmiqten-

111 4246 190 4309 dere
210 4247 338 4311 animum
361 4256 509 4320 teneatur,
531 4247 632 4325 nequit
652 4246 728 4308 effici
744 4253 777 4307 ut
798 4248 884 4321 actio,
899 4256 1034 4309 concrete
1048 4256 1190 4325 spectata,
1205 4249 1286 4311 boni-

121 4327 194 4411 ms·
215 4327 354 4412 3«',³':.‹'-e·'·
378 4337 382 4342 ·
416 4385 420 4392 ¹
448 4355 456 4384 ι,
