3159 4934
411 266 495 309 cerua
514 228 531 307 1.
549 267 583 308 oe
602 264 743 308 sociarum
761 264 905 308 nouasrrcu
1188 247 1243 304 tta

110 375 161 442 23.
183 375 291 446 titileia
312 383 474 466 parentum
490 395 568 464 erga
585 375 709 446 liberos.
725 376 829 453 Quoad
850 379 948 442 officia
964 394 1032 442 vero
1046 378 1240 441 determinata

65 485 227 555 pareutum
242 484 271 540 et
285 476 454 552 libcmrom,
467 477 498 540 in
513 479 618 556 primis
632 479 778 551 educatio,
793 479 839 541 cui
857 485 992 557 parentes
1008 492 1126 554 operam
1142 476 1241 540 daturi

63 583 150 651 sunt,
171 574 210 640 ad
230 590 338 652 corpus
352 575 439 638 simul
455 585 485 639 et
499 578 629 639 animum
645 564 774 639 liliorum
789 577 902 652 attinet,
919 577 1068 655 vitamque
1084 584 1147 638 tum
1162 575 1242 655 phy-

60 673 162 736 sicam
184 681 247 750 tum
269 673 417 736 moralem.
440 672 519 753 Ergo
541 683 573 737 ut
594 674 703 737 liberos
723 675 802 738 alere
830 682 927 759 atque.
947 674 1029 737 curis
1056 673 1186 736 assiduis
1211 675 1241 736 in

65 769 240 848 integritate
254 777 284 832 et
298 770 424 834 sanitate
439 772 570 851 corporis
585 787 772 845 conservare;
787 772 830 835 sic
844 787 896 834 eos
909 771 1013 836 docere
1023 771 1129 834 debent
1144 772 1240 834 officia

66 867 195 932 naturae
216 867 365 931 rationalis
387 869 514 947 propria,
536 869 597 934 sive
618 885 687 949 erga
709 869 834 946 seipsos,
855 869 915 932 sive
933 885 1003 948 erga
1018 868 1100 943 alios,
1115 869 1177 932 sire
1191 883 1243 946 po-
1267 866 1269 870 ’

67 965 220 1027 tissimum
242 981 311 1044 erga
333 964 427 1030 Deum
444 966 494 1045 (l).
516 964 601 1042 Quod
623 983 693 1031 sane
715 969 909 1047 praestabunt
930 982 986 1029 noo
1008 966 1094 1030 modo
1108 966 1242 1030 doctrina

60 1071 99 1125 et
123 1062 386 1138 cohortationibus,
407 1080 508 1127 verum
529 1059 792 1143 etiam'exemp103
812 1080 871 1143 quo
892 1066 1012 1128 iuvenes
1034 1060 1175 1142 inprime
1191 1065 1242 1128 illa
1300 1056 1303 1060 ⁴

66 1168 180 1234 aetate,
200 1161 327 1224 maxime
347 1163 385 1225 ad
402 1162 581 1230 imitandum
604 1178 711 1242 prona,
726 1163 927 1227 vehementius
949 1171 1181 1226 commoventur.
1201 1159 1242 1225 lis
1334 1239 1339 1246 Ἰ

69 1276 143 1323 vero
164 1259 221 1321 iam
243 1261 467 1338 grandiusculis,
489 1278 595 1325 munus
616 1263 730 1326 altioris
758 1262 941 1326 educationis
968 1265 1078 1342 optime
1108 1270 1243 1341 poterunt

67 1366 208 1434 parentes
229 1357 363 1437 delegare
384 1359 461 1435 aliis,
481 1361 532 1439 qui
553 1360 649 1423 idonei
671 1362 739 1436 sint,
762 1361 787 1423 si
811 1361 842 1424 id
871 1361 1009 1438 expedire
1036 1361 1243 1436 iudicaverint,

66 1471 131 1517 non
152 1455 238 1518 ruodo
262 1463 379 1536 propter
399 1459 615 1534 necessitatem,
628 1459 654 1521 si
670 1469 730 1523 tam
745 1460 829 1538 gravi
844 1461 942 1524 debito
957 1461 1126 1527 satisfacere
1144 1475 1196 1538 per
1210 1477 1242 1522 se

69 1559 229 1630 nequeant,
250 1570 351 1617 verum
380 1557 467 1619 ctiam
497 1567 616 1635 propter
644 1557 783 1620 maiorem
810 1557 978 1620 utilitatem.
1000 1555 1242 1636 Quandoquidem

71 1659 219 1728 parentes,
240 1653 277 1714 ob
298 1655 538 1732 intemperantem
559 1657 709 1730 allectum,
729 1671 788 1734 quo
810 1655 886 1718 filios
901 1662 1126 1734 prosequuntur,
1142 1670 1244 1734 saepe-

67 1764 196 1811 numero
218 1749 283 1826 plus
303 1767 397 1829 aequo
417 1752 454 1813 iis
474 1753 635 1832 indulgent,
657 1769 691 1816 ac
714 1753 835 1830 proinde
855 1753 893 1816 ad
912 1753 997 1832 ipsos
1018 1755 1133 1817 efficaci
1154 1754 1244 1816 disci-

73 1849 153 1926 plina
174 1849 347 1914 imbuendos
369 1854 465 1914 minus
486 1852 547 1930 apti
568 1853 797 1930 comperiuntur.

114 1949 157 2012 At
178 1950 239 2012 sive
260 1952 316 2014 hoc
338 1965 389 2029 per
410 1967 441 2014 se
462 1959 612 2029 praestare
634 1959 768 2028 parentes
791 1949 893 2023 velint,
908 1951 970 2014 sive
990 1949 1057 2012 aliis
1072 1951 1242 2024 comittant;

69 2046 103 2108 id
126 2047 335 2110 inconcussum
357 2048 531 2111 censendum
553 2057 615 2110 est:
636 2045 788 2111 Eiusmodi
804 2047 850 2109 ius
866 2047 1038 2127 parentibus
1052 2056 1080 2111 ct
1097 2048 1172 2127 patri
1194 2064 1246 2127 po-

74 2257 169 2306 bonum
186 2257 227 2305 filii
245 2257 432 2320 procurandum
443 2257 555 2322 impellit.
568 2258 673 2315 Quodsi
686 2260 755 2322 apud
766 2249 888 2309 romanos
904 2257 954 2308 tale
972 2259 1012 2309 ius
1029 2273 1177 2309 concessum
1189 2250 1248 2315 fuir,

73 2336 97 2383 id
116 2351 167 2386 non
185 2351 199 2385 e
215 2337 298 2399 patria
313 2343 439 2400 potestate
456 2339 575 2398 manavit,
592 2337 636 2388 sed
653 2354 683 2388 ex
701 2341 853 2390 auctoritate
868 2339 945 2389 veluti
962 2339 1042 2402 regia,
1058 2354 1109 2402 qua
1125 2344 1243 2402 respectu

70 2415 185 2465 familiae
197 2422 284 2481 patres
295 2424 354 2466 ante
368 2425 481 2468 exortam
499 2419 644 2468 societatem
662 2418 758 2468 civilem
769 2419 938 2482 potiebantur.
953 2418 1067 2482 Denique
1078 2418 1187 2468 societas
1202 2417 1247 2466 do-

69 2496 181 2545 rnest'rca
196 2502 236 2545 est
253 2497 360 2546 societas
377 2497 527 2560 imperfecta
543 2505 568 2546 et
585 2514 643 2560 pars
663 2499 791 2548 societatis
807 2499 943 2562 perlectae,
959 2513 1048 2560 nempe
1066 2499 1152 2548 civilis.
1173 2497 1242 2561 lingo

67 2579 130 2625 eius
151 2582 235 2625 rector
245 2577 351 2641 ,nronnisi
373 2577 406 2626 ad
429 2590 525 2640 poenas
548 2579 672 2641 quasdam
694 2579 808 2627 mitiores
826 2578 971 2626 inferendas
993 2579 1033 2626 ius
1051 2577 1134 2626 habet.
1155 2576 1243 2626 Poena

72 2659 173 2714 mortis.
190 2675 255 2724 quae
271 2668 310 2710 est
326 2662 437 2723 maxima
453 2675 604 2725 poenarum,
615 2661 648 2711 ad
660 2661 742 2712 solum
759 2661 958 2723 gubernatorem
973 2661 1102 2709 societatis
1117 2659 1243 2724 perfectae
1346 2716 1349 2721 ¹

68 2747 192 2803 spectare
209 2749 300 2804 polest.

121 2821 156 2882 (1)
173 2823 260 2886 inepta
276 2824 353 2888 igitur
369 2830 394 2874 et
410 2823 488 2888 impia
505 2823 671 2873 existimanda
687 2829 725 2872 est
743 2823 878 2872 methodus
890 2821 1057 2872 institutionis
1068 2823 1207 2885 negatione
1217 2828 1243 2871 et

67 2902 236 2955 atheisticce,
253 2905 383 2968 proposita
400 2920 415 2954 a
430 2905 564 2953 Rousseau
580 2904 608 2952 in
624 2903 695 2961 libro,
713 2918 788 2966 quem
806 2903 836 2953 de
858 2902 1008 2952 educatione
1029 2903 1194 2966 conscripsit:
1216 2903 1242 2951 in

72 2997 126 3044 quo
143 2981 238 3032 nullum
254 2998 311 3032 cum
328 2985 413 3047 pueris
424 2999 568 3042 sermonem
581 2983 612 3032 de
623 2983 684 3042 Deo,
695 2983 726 3032 de
736 2984 831 3041 anima,
840 2984 872 3032 de
882 2983 1003 3045 religione
1014 2983 1173 3032 miscendum
1185 2998 1242 3033 esse

71 3063 157 3118 docet,
169 3062 248 3112 donec
259 3064 292 3113 ad
304 3069 412 3114 aetatem
425 3065 563 3114 octodecim
575 3071 619 3113 aut
630 3063 738 3128 amplius
749 3078 876 3113 annorum
893 3062 1059 3126 pervenerint.
1072 3063 1098 3112 si
1111 3063 1147 3111 ita
1162 3063 1243 3122 fieret,

67 3149 205 3206 ‚oporteret
216 3144 239 3191 in
251 3145 339 3207 primis
349 3143 525 3210 adolescentes
535 3159 616 3208 usque
627 3145 661 3194 ad
671 3144 738 3192 hanc
749 3149 859 3193 aetatem
874 3143 1092 3206 praestantissimo
1107 3157 1139 3190 ex
1156 3143 1242 3192 officiis

70 3223 185 3272 hominis
202 3225 296 3284 deesse,
313 3224 390 3274 cultui
407 3225 525 3275 nimirum
541 3224 594 3274 Deo
611 3225 703 3274 debito.
720 3223 824 3283 Deinde,
841 3222 968 3287 quomodo
985 3222 1121 3272 virtutibus
1138 3224 1185 3271 rite
1201 3224 1243 3272 iu·
1329 3287 1333 3294 Ι

72 3302 178 3350 formari
196 3310 299 3364 possent
316 3303 393 3367 (quod
409 3310 494 3352 tamen
506 3305 560 3366 ipse
571 3304 705 3354 Ronsseau
715 3303 788 3354 valde
801 3301 928 3364 inculcat),
940 3303 994 3352 sine
1006 3303 1097 3351 notitia
1112 3309 1244 3366 praestnne

68 3382 125 3431 tine
142 3382 217 3430 animi
234 3387 260 3430 et
277 3384 382 3433 rationis
399 3390 516 3448 respectu
532 3385 646 3447 corporis
662 3390 688 3433 et
703 3398 802 3443 sensus,
820 3383 873 3432 sine
890 3383 1034 3447 cognitione
1057 3383 1156 3431 suturae
1175 3383 1242 3431 vitae

71 3469 101 3510 et
118 3460 197 3510 ultimi
215 3462 278 3522 finis,
295 3463 327 3512 ad
344 3478 419 3526 quem
434 3464 537 3513 tandem
552 3465 628 3513 homo
646 3464 758 3526 spectati
774 3463 869 3522 Tertio,
885 3470 913 3512 ut
929 3464 983 3527 ipse
1000 3463 1241 3512 lateturRoussean

66 3542 133 3601 (loc.
145 3543 184 3590 cit.
196 3557 216 3591 c.
228 3544 246 3601 Ι,
256 3559 314 3607 pag.
325 3543 389 3606 138).
405 3543 502 3593 nulium
519 3550 558 3594 est
574 3545 738 3608 periculosius
755 3544 822 3593 vitae
839 3545 965 3592 humanae
981 3543 1148 3598 intervallum,
1164 3559 1241 3606 quam

70 3621 134 3672 illud
151 3623 219 3686 quod
235 3624 367 3673 intercedit
383 3639 399 3673 a
415 3625 548 3674 nativitate
564 3640 644 3688 usque
655 3625 688 3674 ad
699 3630 811 3674 aetatem
822 3625 954 3672 duodecim
970 3638 1105 3681 annorum,
1115 3639 1174 3673 cum
1184 3623 1248 3673 affe.

67 3710 139 3762 ctus,
156 3702 197 3766 qui
214 3709 275 3752 tunc
291 3704 374 3752 animo
391 3705 568 3768 imprimuntur
585 3704 649 3753 adeo
666 3703 806 3766 profundas
822 3703 920 3752 radices
937 3711 1024 3764 agant,
1041 3709 1069 3752 ut
1085 3703 1138 3750 lere
1150 3703 1243 3764 impos-

72 3783 147 3833 sibile
155 3781 188 3832 sit
197 3799 240 3832 eos
253 3784 370 3848 deinceps
382 3783 494 3834 evellere.
506 3784 638 3840 Quomodo
651 3783 728 3847 igitur
740 3783 827 3831 ficturo
839 3783 1006 3831 adolescentis
1017 3782 1084 3830 bono
1096 3779 1243 3830 consultum

70 3863 134 3918 erit,
150 3863 169 3910 si
187 3863 208 3912 i's
226 3863 256 3910 de
273 3865 357 3914 anima
373 3879 403 3912 ac
419 3863 449 3912 de
465 3863 527 3921 Deo,
543 3867 685 3926 ceterisque
703 3863 861 3920 veritatibus,
873 3876 938 3926 quae
949 3861 996 3909 has
1007 3861 1171 3917 subaudiunt,
1182 3860 1242 3909 nihil

72 3944 189 4006 cogitare
206 3959 255 3992 nou
272 3945 347 3993 modo
364 3959 395 3992 ea
410 3949 494 3992 aetate
505 3943 549 3992 sed
561 3943 636 3992 etiam
655 3943 814 4006 provectiore
827 3940 964 3991 assuefiati
982 3940 1175 4004 Sperandumne
1186 3941 1246 3996 erit,

69 4031 129 4072 tam
144 4021 247 4086 longam
263 4024 478 4083 consuetudinem,
494 4037 559 4087 quae
576 4022 716 4084 virgineum
729 4022 826 4084 pueruli
839 4021 951 4070 animum
964 4021 1104 4083 occupavit,
1115 4019 1243 4068 contraria

72 4102 166 4152 deinde
182 4104 297 4166 superari
313 4101 403 4167 pessel
419 4103 570 4166 praesertim
587 4115 643 4148 cum
661 4099 703 4148 illa
720 4101 854 4148 sensilibus
871 4099 1052 4162 cupiditatibus
1069 4099 1161 4157 faveat,
1177 4113 1243 4163 quae

71 4187 101 4234 in
119 4183 190 4232 nobis
201 4184 350 4233 maturrime
366 4182 535 4247 explicantem
553 4181 633 4230 altera
651 4179 762 4242 graviter
777 4178 941 4228 adverseturi
960 4178 1012 4228 Sed
1027 4179 1090 4228 haec
1106 4178 1189 4228 insani
1200 4179 1247 4228 ho-

68 4262 151 4314 minis
169 4261 255 4313 deliria
272 4270 338 4324 sunt,
355 4278 420 4328 qnae
438 4269 599 4312 contemnere
615 4260 696 4309 satius
712 4258 768 4317 erit,
784 4272 863 4322 quam
878 4257 1001 4308 refellere.
