3159 4934
302 319 388 363 carus
405 319 421 360 r.
440 320 476 361 uu
494 320 609 363 csnrrurr
629 321 863 377 marvournusvu
881 322 964 365 sraru
984 322 1058 365 vacis
1209 308 1262 367 3li

87 450 176 514 quae,
197 441 231 495 ut
262 433 333 512 dixi,
354 441 524 497 contractus
555 441 624 496 suut
646 436 766 513 publici,
786 438 904 499 nomine
935 436 1027 499 totius
1053 436 1205 500 societatis
1233 444 1263 499 et

88 540 211 611 propter
231 531 295 597 eius
319 530 474 593 utilitatem
494 532 568 606 initi,
590 549 607 594 a
630 534 816 610 pactionibus
836 532 968 612 privatis,
989 549 1065 613 quae
1091 535 1165 597 torte
1187 536 1261 597 fiant

87 632 284 695 arectoribus
299 631 483 709 populorum,
494 632 606 710 privati
618 632 918 720 emolffleutigpatia
932 634 1091 729 eonomine
1107 633 1263 697 dumtaxat
1288 686 1293 699 .
1319 674 1323 681 -

88 730 218 808 proprio.
241 728 334 792 lmmo
354 728 405 791 illa
424 728 499 807 ipsa,
512 745 588 808 quae
608 729 724 792 nomine
745 730 896 793 societatis
916 732 947 792 in
969 740 1088 809 pactum
1110 730 1264 793 deducun-

87 837 151 902 tur,
172 829 198 890 si
219 828 398 890 transeuntia
415 826 484 907 siut,
498 834 587 905 atque
607 836 707 890 actum
723 830 882 907 quemdam
898 824 1072 907 peculiarem
1092 828 1263 905 respiciant,

88 926 157 988 sine
183 925 320 987 diuturna
342 927 416 988 satis
448 926 587 1002 temporis
607 926 806 1000 successione3
828 942 885 989 nou
916 926 1030 988 foedera
1064 924 1263 1003 appellantur,

88 1037 170 1099 quae
182 1021 365 1086 durationem
380 1037 496 1099 semper
517 1022 646 1100 aliquam
659 1021 824 1101 includunt,
838 1023 889 1085 sed
910 1023 1039 1101 generali
1057 1024 1262 1087 conventionis

89 1128 146 1182 aut
167 1120 307 1197 pactionis
327 1120 443 1183 nomine
463 1120 660 1199 designantur.

135 1215 181 1280 14.
193 1216 294 1302 leges
315 1215 507 1284 servandac.
522 1216 598 1305 Cum
611 1220 727 1283 foedera
742 1226 912 1283 contractus
933 1219 1056 1299 quidam
1077 1238 1179 1283 revera
1194 1222 1261 1299 siut,

89 1331 167 1395 quos
180 1332 236 1378 non
250 1332 391 1394 personae
405 1316 574 1380 individuae
585 1317 636 1379 sed
651 1331 774 1394 corpora
789 1316 909 1395 politica
923 1318 999 1379 inter
1014 1334 1045 1379 se
1058 1319 1262 1395 paciscuntur;

89 1412 204 1491 regulis
234 1414 339 1476 iisdem
368 1417 503 1489 subsunt,
522 1431 598 1493 quae
619 1430 672 1491 pro
700 1416 903 1478 contractibus
933 1416 1095 1494 generatim
1117 1431 1133 1475 a
1155 1424 1263 1479 natura

89 1510 251 1573 dictantur.
267 1510 310 1575 lle
331 1513 380 1574 his
401 1513 430 1574 in
450 1510 517 1577 lure
530 1512 703 1575 individuali
724 1520 867 1592 quantum
882 1512 956 1575 satis
974 1522 1037 1576 erat
1052 1514 1259 1587 disseruimus;

88 1615 232 1689 attamen
253 1610 401 1673 claritatis
421 1611 527 1689 gratia,
547 1610 659 1689 aliquid
680 1610 730 1673 hic
751 1610 904 1689 speciatim
925 1610 977 1685 rei,
998 1611 1034 1673 de
1054 1627 1114 1689 qua
1131 1611 1262 1690 agimus,

90 1706 244 1785 applicare
258 1717 454 1787 opportunum
471 1710 536 1771 erit.

133 1802 282 1883 Principio
301 1807 393 1886 igitur
413 1807 567 1885 diligenter
594 1807 757 1870 cavendum
778 1814 824 1869 est
846 1821 882 1868 ne
904 1806 1063 1880 obiectum,
1084 1806 1163 1869 circa
1184 1807 1264 1885 quod

88 1902 194 1966 foedus
214 1912 357 1977 versatur,
373 1912 457 1982 turpe
477 1906 518 1966 sit
538 1914 590 1966 aot
610 1905 767 1977 iniustum;
781 1905 834 1965 scd
855 1905 973 1967 omnino
994 1905 1156 1983 requiritur
1179 1913 1212 1967 ut
1232 1920 1265 1967 re

88 2002 215 2064 honesta
230 2008 259 2064 et
272 2001 353 2065 licita
368 1988 559 2065 contineatur}
575 1995 678 2080 Neque
691 2002 722 2065 id
739 2002 769 2063 in
784 2004 939 2064 materiam
961 2010 1076 2064 tautum
1091 2012 1264 2066 contractus

91 2099 188 2174 cadit;
203 2100 254 2162 sed
274 2100 305 2161 iu
325 2102 412 2163 linem
434 2101 534 2174 etiam,
548 2100 585 2162 ad
607 2115 694 2178 quem
716 2115 768 2178 per
789 2115 821 2162 se
842 2106 967 2179 spectat,
982 2108 1071 2178 atque
1086 2100 1115 2161 in
1137 2101 1267 2163 circum-

94 2196 232 2270 stantias,
245 2213 321 2275 quae
342 2198 430 2259 linem
450 2205 504 2259 aut
524 2214 586 2260 rem
608 2198 815 2275 praestandam
837 2200 1022 2261 comitantur.
1039 2195 1070 2260 Si
1088 2198 1165 2259 cuim
1187 2213 1266 2275 quae

91 2309 130 2356 cx
144 2295 203 2357 hoc
223 2296 319 2371 capite
334 2296 463 2357 moribus
484 2303 675 2357 consentanca
690 2311 745 2358 nnn
768 2295 837 2368 sint,
852 2296 935 2357 irrita
952 2295 1064 2357 faciunt
1078 2294 1261 2372 singulorum

93 2399 198 2470 paeta;
214 2393 326 2455 fortiori
339 2393 403 2455 iure
417 2394 477 2455 vim
491 2394 651 2456 detrahunt
665 2395 816 2457 conventis
831 2396 1015 2473 societatum,
1029 2409 1157 2471 quarum
1172 2394 1264 2455 actio-

92 2506 149 2552 nes
169 2490 344 2553 moraliores
362 2507 427 2553 esse
447 2492 553 2553 debent
568 2498 687 2569 propter
702 2491 842 2554 maiorem
859 2491 1032 2569 dignitatem
1047 2506 1187 2567 personae
1202 2506 1264 2554 mo·

92 2586 169 2649 ralis
182 2595 212 2649 et
225 2588 406 2662 collectivae,
419 2601 495 2666 quac
509 2588 655 2652 iunctione
670 2589 799 2667 plurium
814 2590 973 2651 humanam
989 2600 1124 2650 naturam
1140 2588 1267 2651 nobilius

93 2693 306 2761 repraesentat.
319 2683 397 2750 Hinc
412 2686 491 2749 nulla
506 2695 575 2749 sunt
589 2688 714 2761 foedera,
727 2702 813 2765 quac,
824 2686 952 2765 exempli
966 2703 1067 2761 causa,
1079 2687 1117 2749 ad
1132 2687 1265 2766 iniquum

94 2780 207 2845 bellum
227 2785 387 2861 gerendum
402 2786 482 2859 liant,
496 2794 548 2848 aut
568 2786 688 2864 quaein
709 2793 822 2848 certam
843 2786 994 2848 societatis
1011 2785 1158 2865 iniuriam,
1175 2786 1220 2849 vel
1236 2787 1267 2848 in

94 2879 246 2959 religionis
264 2881 483 2957 detrimentum,
505 2883 551 2946 vel
571 2883 690 2946 ruinam
711 2883 886 2961 populorum
908 2884 1080 2946 redundant.
1096 2879 1171 2945 Cum
1188 2883 1267 2946 euim

93 2978 391 3059 baeciegi'naturae
411 2980 615 3056 adversentur,
629 2980 740 3044 nullam
761 2969 798 3044 ex
818 2996 853 3043 ea
868 2982 927 3043 v'im
948 2980 1097 3059 obligandi
1120 2981 1149 3043 in
1171 2968 1205 3044 se
1218 2982 1270 3043 de-

92 3076 193 3139 rivare
213 3083 349 3155 possunt;
364 3078 506 3158 obligatio
526 3086 625 3141 autem
640 3078 721 3141 nulla
741 3078 915 3155 concipitur,
937 3079 1022 3140 nisia
1036 3087 1141 3140 natura
1157 3078 1269 3141 ratione

94 3172 196 3251 aliqua
210 3184 376 3238 enascatur.
388 3176 439 3250 At,
450 3177 538 3240 rebus
548 3176 709 3239 inhonestis
723 3175 864 3249 exclusis,
876 3183 983 3249 cetera,
995 3175 1031 3237 dc
1045 3176 1154 3254 quibus
1165 3183 1269 3253 gentes

95 3273 175 3334 inter
188 3288 221 3335 se
242 3274 440 3354 paciscuntur,
454 3274 579 3338 fideliter
594 3283 754 3353 sancteque
774 3274 886 3349 servari
904 3273 1023 3357 debent,
1038 3274 1151 3363 etiamsi
1173 3274 1270 3334 iactu·

96 3385 164 3431 ram
184 3369 324 3448 aliquam,
338 3386 414 3448 quae
435 3372 564 3438 moribus
586 3388 641 3434 non
662 3360 856 3444 contradicat,
878 3388 979 3435 secum
1000 3360 1130 3436 afferant.
1147 3368 1266 3432 Etenim

94 3466 173 3529 nibil
194 3467 398 3531 detestabilius
417 3477 464 3531 est
484 3469 607 3547 pertidia
628 3470 740 3543 sociali,
754 3486 831 3549 quae
851 3485 908 3533 non
929 3469 1022 3533 solum
1037 3468 1157 3531 alterius
1173 3466 1268 3545 partis

97 3567 301 3629 contrahentis
314 3567 361 3628 ius
380 3566 481 3641 laedit,
494 3568 547 3630 scd
562 3567 727 3630 communis
740 3568 824 3646 pacis
845 3577 875 3630 ct
889 3566 1060 3631 concordiae
1073 3564 1267 3627 fundamenta

97 3661 201 3724 diruit.
217 3660 320 3726 Scelus
332 3666 390 3727 hac
405 3665 435 3725 in
449 3681 481 3727 re
495 3666 631 3728 omnibus
645 3666 781 3744 gentibus
795 3666 931 3728 iniuriam
953 3666 1073 3743 irrogat,
1088 3680 1123 3727 ac
1145 3664 1267 3741 proinde

100 3761 253 3823 communi
274 3761 373 3826 studio
395 3762 581 3840 plectendum
601 3762 726 3825 videtur.

98 4040 161 4075 esse
178 4041 244 4090 qnae
259 4027 322 4076 liant
338 4028 411 4077 iussu
427 4042 542 4077 summae
558 4028 701 4091 potestatis,
716 4034 742 4075 et
757 4027 782 4075 in
800 4027 892 4091 quibus
909 4027 962 4090 ipse
979 4014 1086 4089 populus
1103 4026 1156 4075 irae
1172 4026 1272 4075 divinae

99 4107 278 4170 obstringitur,
296 4108 318 4157 si
333 4108 418 4157 minue
434 4114 516 4157 stet-ur
532 4109 631 4158 dictis...
648 4108 757 4171 Sponsio
772 4118 859 4157 autem
875 4112 922 4164 est,
940 4107 982 4155 ubi
998 4106 1032 4162 hi,
1052 4104 1094 4169 qui
1112 4121 1127 4155 a
1143 4094 1279 4170 potestate¹

98 4190 203 4235 summa
218 4186 369 4237 mandatum
390 4188 445 4237 eius
461 4190 498 4236 rei
520 4204 571 4236 uon
588 4188 689 4244 habent,
711 4186 805 4249 aliquid
828 4186 977 4251 promittuut
997 4186 1066 4249 quod
1085 4184 1153 4235 illam
1169 4187 1271 4251 proprie

98 4269 193 4331 tangite
204 4285 218 4313 »
235 4268 276 4317 De
291 4269 354 4317 iure
370 4269 435 4318 betti
449 4277 474 4317 et
487 4270 570 4331 pacis,
586 4268 602 4318 l.
617 4268 640 4329 2,
656 4283 676 4317 c
693 4267 735 4317 IV.
