3159 4934
243 375 246 380 .
277 311 360 354 canor
379 311 403 352 vt.
423 311 457 353 on
475 309 638 353 oennarrorvn
656 311 765 354 nouam
784 311 870 353 anons
889 311 1043 354 onnvuarun
1062 312 1090 354 nv
1107 312 1186 353 runnu
1283 298 1317 352 75

143 425 244 503 togia3
261 424 311 486 bic
331 425 368 486 de
387 423 462 501 ipsis
482 438 643 486 sermonem
659 425 812 498 babemus,
831 431 918 501 prout
931 424 1153 486 considerantur
1167 425 1197 484 in
1213 424 1316 486 ordine

145 537 276 596 morum,
297 537 349 584 seu
369 528 459 600 prout
480 522 617 584 virtutem
639 529 691 583 aut
711 521 816 585 vitium
839 523 1031 585 constituunt.
1047 520 1096 585 Sic
1112 531 1249 600 sumptus
1262 523 1321 585 ba·

146 621 233 681 bitus
244 619 359 681 deliniri
374 617 649 697 possedendum
665 637 726 698 gon
740 618 912 684 subtectum
933 618 1110 699 disponitur
1124 619 1166 682 od
1179 618 1253 683 bene
1272 619 1320 683 nel

146 716 234 778 male
254 714 453 795 operandum.

192 810 240 876 75.
256 809 330 892 ouid
346 809 454 887 virtus.
470 811 574 877 Virtus
589 815 748 892 generatim
762 815 902 893 exprimit
915 816 1076 895 quamdam
1091 818 1238 894 potentiae
1254 832 1320 892 per·

150 911 314 974 lectionem.
336 909 375 974 lit
395 913 532 989 quoniam
555 913 694 989 potentia,
708 920 740 973 ut
755 913 824 975 talis
838 920 893 987 est,
907 914 1060 976 ordinatur
1074 914 1112 976 ad
1126 923 1239 989 actum;
1255 915 1318 976 eius

152 1009 293 1088 perfectio
313 1010 343 1072 iu
363 1011 419 1072 hoe
440 1009 584 1082 consistit,
606 1017 639 1072 ut
660 1011 739 1074 actui
769 1010 959 1088 propinquior
987 1011 1144 1085 efficiatur,
1163 1021 1252 1089 atque
1280 1012 1318 1073 ad

149 1109 250 1186 ipsum
270 1107 454 1186 eliciendum,
475 1107 572 1186 quoad
597 1107 661 1169 lieri
691 1115 797 1186 potest,
817 1108 1035 1172 determinetur.
1057 1105 1134 1171 Hine
1164 1109 1318 1186 potentiae,

151 1221 230 1284 quae
251 1221 286 1268 ex
300 1208 475 1269 necessitate
489 1215 589 1284 agunt,
603 1222 672 1269 oum
694 1208 752 1267 siut
767 1207 796 1269 vi
815 1215 938 1269 naturae
952 1207 1162 1270 determinatae
1175 1206 1212 1269 ad
1228 1222 1318 1267 uuum

149 1305 185 1366 in
206 1304 362 1380 operando,
385 1320 436 1382 per
456 1319 487 1366 εε
508 1304 631 1366 virtutes
644 1312 793 1367 vocantur.
809 1301 859 1367 Sic
878 1303 987 1366 dieitur
1006 1305 1101 1366 virtus
1122 1305 1209 1383 ignis,
1225 1304 1320 1366 virtus

151 1401 282 1478 plantae,
303 1401 399 1463 virtus
419 1391 495 1480 equi,
516 1409 546 1463 ει
566 1402 607 1463 ita
629 1416 723 1478 porro.
745 1400 787 1464 Αι
813 1403 957 1478 potentiae
985 1402 1152 1476 rationales,
1173 1417 1249 1480 quae
1276 1402 1321 1464 in·

151 1499 426 1562 determinationem
447 1500 604 1578 quamdam
620 1500 728 1563 babent
742 1508 878 1576 respectu
900 1499 1038 1577 plurium,
1052 1509 1139 1579 egent
1159 1502 1320 1589 ιιιεὶιίιεε,

152 1605 190 1659 ιιι
210 1599 246 1660 ad
271 1603 382 1675 partem
403 1613 490 1659 uuam
514 1613 582 1675 prae
602 1597 660 1660 alia
680 1599 875 1661 inflectantur.
897 1595 937 1660 Hi
963 1599 1053 1660 etiam
1074 1581 1322 1676 virtutesn'ppel-

152 1696 269 1770 lautur,
288 1696 350 1759 sive
371 1697 409 1758 ad
430 1703 543 1774 partem
564 1697 793 1774 cognoscitivam
815 1698 988 1775 pertineant,
1004 1706 1036 1760 ut
1052 1698 1185 1771 seientia,
1205 1698 1269 1761 sive
1282 1698 1321 1759 ad

156 1800 273 1873 partem
288 1795 487 1872 appetitivam,
503 1803 536 1856 ut
549 1794 720 1857 liberalitas.
736 1793 794 1858 Sed
809 1796 955 1858 strictiore
975 1812 1061 1858 seusu
1082 1811 1185 1858 nomeu
1203 1796 1322 1858 virtutis

154 1894 299 1970 competit
312 1893 474 1965 habitibus,
488 1907 563 1970 qnae
578 1900 690 1971 partem
708 1893 899 1970 appetitivam
913 1901 1065 1965 exornant,
1079 1894 1127 1956 bis
1141 1896 1219 1956 euim
1233 1894 1322 1957 bomo

152 1990 266 2053 dieitur
286 1989 460 2067 simpliciter
480 1985 595 2065 bonos·
616 1997 807 2052 cumcontra
831 1991 984 2052 habitibus
1011 1990 1257 2054 intellectualibus
1277 1992 1322 2053 di-

151 2095 243 2152 catur
263 2085 362 2150 bonus
389 2087 657 2175 secundumfflquid,
678 2104 783 2166 nempe
811 2089 906 2150 bonus
935 2089 1125 2166 pbilosopbns
1153 2089 1198 2152 vel
1227 2090 1321 2152 bouus

152 2185 394 2250 mathematicus.
409 2179 537 2248 Edrani
551 2194 597 2247 est
611 2186 680 2263 quia
695 2187 815 2249 babitus
827 2185 1005 2264 appetitivus
1019 2203 1075 2249 nou
1091 2187 1177 2250 modo
1191 2186 1320 2263 disponit

152 2283 195 2347 ud
216 2291 325 2356 actum,
340 2283 492 2345 sedetiam
507 2281 628 2345 inclinat
641 2283 678 2344 ad
692 2292 806 2347 rectum
823 2299 909 2346 usum
924 2284 1005 2346 illius
1022 2285 1236 2362 dispositionis;
1251 2299 1320 2346 curn

153 2399 232 2445 usus
253 2383 447 2461 potentiarum
469 2397 487 2442 a
508 2381 537 2444 vi
556 2383 717 2459 appetitiva
732 2382 902 2459 dependeat.
918 2380 967 2445 Sic
982 2389 1078 2459 potest
1099 2383 1168 2459 quis
1187 2381 1321 2442 malenti

152 2497 212 2544 sna
235 2480 357 2543 scientia
378 2479 425 2542 vel
445 2486 522 2552 arte;
543 2486 575 2540 at
595 2494 679 2542 nemo
701 2485 796 2556 potest
816 2477 893 2541 male
915 2481 955 2542 uti
978 2494 1030 2540 sua
1053 2478 1176 2540 iustitia.

197 2577 277 2642 Hinc
297 2579 393 2642 virtus
413 2577 533 2640 moralis
551 2577 720 2639 delinitura
735 2575 764 2640 S.
780 2577 965 2655 Augustino:
979 2574 1075 2639 Bono
1088 2575 1226 2657 qualitas
1239 2594 1340 2646 osen,

153 2677 210 2752 tis,
233 2695 295 2756 gito
316 2679 396 2738 recle
415 2674 533 2737 eicitur
552 2678 582 2736 ct
601 2692 688 2736 nemo
708 2673 789 2736 neele
809 2675 912 2736 utitor
933 2672 984 2753 (l).
1006 2673 1124 2737 Dicitur
1144 2673 1266 2748 mentm,
1289 2684 1323 2737 ut

152 2775 304 2838 iudicetur
324 2774 498 2848 subiectum,
514 2788 617 2850 nempe
632 2773 756 2860 animus,
771 2772 840 2834 licet
854 2779 990 2850 respectu
1006 2773 1201 2849 potentiarum
1215 2772 1323 2850 quibus

152 2873 323 2936 instmitur.
338 2859 467 2934 Additur
487 2863 567 2933 bono
581 2857 729 2948 qualitas,
746 2877 777 2932 ut
791 2868 974 2946 exprimatur
988 2877 1052 2932 tum
1071 2871 1219 2952 perlando,
1233 2885 1323 2948 quam

153 2971 254 3032 virtus
275 2970 370 3042 affort,
385 2976 448 3031 tum
469 2983 561 3046 ganto
574 2966 874 3052 buiguspcriectiunis.
889 2965 966 3030 Nam
981 2967 1076 3030 virtus
1094 2960 1139 3031 εει
1153 2966 1326 3031 couveniens

154 3068 317 3145 dispositio
332 3068 455 3140 animae,
467 3067 544 3128 siout
558 3065 725 3144 pulcritudo
736 3053 765 3126 et
780 3065 891 3126 sanitas
906 3074 974 3126 sunt
989 3065 1106 3128 debitae
1116 3064 1326 3152 dispositioncs

154 3167 302 3243 corporis.
318 3163 454 3227 lubaeret
473 3172 570 3226 autem
594 3178 644 3240 per
665 3163 785 3225 modum
800 3162 961 3241 qualitatis,
976 3179 1044 3226 eum
1059 3163 1097 3225 sit
1112 3164 1249 3237 babitus;
1263 3165 1324 3243 qni,

154 3272 193 3327 ut
213 3261 468 3340 in'Metapbysina
489 3261 602 3324 dietum
623 3268 677 3333 est,
698 3260 735 3322 ad
757 3275 849 3339 genus
870 3260 1023 3337 qualitatis
1043 3261 1177 3323 refertur.
1193 3259 1325 3339 Denique

155 3362 274 3439 reliqna
295 3360 437 3424 vocabula
457 3376 521 3438 qno
540 3362 620 3422 recte
640 3357 756 3419 vinitor
776 3360 805 3418 et
825 3374 913 3434 nemo
929 3356 1012 3419 mole
1031 3358 1142 3433 ultim,
1157 3359 1325 3435 exprimunt

159 3461 294 3524 ordinem
315 3459 351 3522 ad
366 3467 476 3534 aetum,
492 3459 547 3520 sub
561 3456 671 3533 duplici
686 3464 820 3533 respectu
835 3456 955 3534 proprio
973 3455 1092 3517 virtutis
1113 3454 1241 3528 moralis,
1254 3470 1330 3533 qua-

161 3567 248 3621 tenus
267 3572 372 3634 nempe
392 3572 449 3619 non
470 3555 557 3618 modo
577 3553 698 3616 inclinat
717 3554 756 3616 ad
778 3555 883 3641 bonam
898 3553 1104 3632 operationem,
1120 3552 1172 3616 sed
1185 3553 1275 3639 etiam
1288 3552 1328 3614 ad

86 3665 91 3672 '
159 3658 270 3719 bouum
294 3670 390 3718 usum.

202 3737 347 3836 76s'0nld
369 3749 482 3821 vllium.
505 3752 664 3832 Dispositio
686 3754 831 3816 contraria
853 3753 956 3816 virtuti
981 3760 1027 3815 εει
1049 3751 1163 3824 vitium,
1183 3752 1262 3829 qnod
1282 3757 1328 3813 εει

156 3856 282 3921 habitus
304 3852 415 3926 malus;
435 3859 466 3914 et
486 3853 647 3930 generatim
672 3853 807 3915 consistit
834 3851 864 3912 in
892 3853 959 3924 boc,
980 3858 1015 3912 ut
1033 3849 1209 3922 subiectum,
1230 3848 1326 3926 quoad

156 3953 370 4034 operationem,
398 3941 482 4014 aliter
509 3951 691 4028 disponatur,
712 3967 802 4029 quam
822 3951 887 4013 eins
908 3959 1012 4012 natura
1037 3947 1141 4025 poscit.
1163 3945 1238 4010 Cum
1261 3964 1329 4012 vero

156 4060 268 4116 natura
288 4049 416 4113 bominis
443 4048 483 4110 sit
510 4047 670 4125 rationalis,
692 4048 796 4110 vitium
824 4049 854 4109 in
882 4061 987 4125 genere
1014 4060 1142 4119 morum,
1162 4046 1192 4107 in
1215 4053 1327 4108 tautum

155 4149 273 4214 homiui
295 4144 498 4225 repugnante
522 4153 663 4221 qnantum
691 4153 836 4222 repugnat
864 4144 980 4206 rationi.
1001 4141 1079 4206 Hine
1106 4141 1329 4221 vituperationis

156 4247 284 4309 ductum
305 4253 351 4307 est
372 4257 485 4306 numen.

208 4379 244 4440 (1)
263 4379 362 4428 Contra
378 4376 532 4428 Iulianum,
550 4375 592 4426 tib.
610 4375 653 4436 tv,
667 4389 689 4425 c.
706 4374 728 4424 3.
