3159 4934
477 392 563 436 curun
580 391 605 434 u,
617 393 652 437 ns
669 393 810 438 somnusue
828 395 906 437 mvtnt
1225 385 1276 442 tut

107 509 261 589 primaeve
281 506 404 586 origine,
424 508 479 570 etsi
502 506 733 584 perfectioribus,
747 523 837 585 quam
852 516 950 571 cetera
967 509 1138 585 animantia,
1158 513 1277 589 organis

105 609 341 678 instrumentum
356 605 413 667 illis
428 613 524 668 tamen
538 604 624 684 longe
638 605 846 669 imbecilliores
868 605 1024 671 exstitisse.
1041 607 1082 670 At
1098 608 1179 671 victu
1192 623 1279 688 aspe-

107 723 173 771 ram
195 707 286 770 uitam
308 705 454 784 degentes,
475 704 537 766 sine
557 704 644 767 tectis
665 713 695 766 et
716 705 778 768 sine
792 705 941 780 domibus,
955 706 1031 770 inter
1045 723 1163 771 nemora
1177 717 1207 771 et
1221 713 1279 773 sub

108 803 259 885 specubus
287 802 464 882 habitantes
491 801 610 865 assidue
636 813 704 866 cum
733 803 839 866 belluis
859 804 1040 878 condixisse;
1062 814 1151 884 atque
1172 807 1276 870 exinde

108 917 251 982 maguum
280 901 368 964 robur
395 909 425 963 et
450 899 632 964 ferocitatem
654 901 776 980 adeptos
796 917 872 964 esse.
894 898 1060 967 dumuem
1081 904 1196 966 nonnisi
1217 907 1281 968 ani-

110 999 238 1065 malibus
263 999 482 1076 operationibus
508 1006 722 1072 exercerentur,
744 999 905 1062 bestiarum
934 999 1109 1063 industriam
1135 1002 1277 1066 imitando

110 1099 150 1162 ad
161 1113 261 1162 earum
277 1096 448 1159 instinctum
465 1096 637 1173 pervenisse.
653 1093 685 1159 ln
700 1098 757 1159 boc
771 1103 852 1158 statu
866 1096 950 1172 nibil,
963 1098 1043 1176 quod
1057 1114 1174 1162 sensum
1189 1115 1277 1163 exce-

109 1198 202 1272 deret,
216 1194 328 1259 nullum
350 1192 462 1256 cultum
477 1208 547 1272 erga
564 1191 667 1266 Deum,
683 1193 794 1256 nullum
812 1194 942 1257 officinm
957 1210 1027 1274 erga
1043 1195 1116 1259 alios
1132 1197 1276 1274 homines,

109 1295 219 1359 nullius
239 1293 381 1357 sermonis
403 1303 499 1366 usum,
520 1290 629 1354 nullam
655 1290 770 1354 honesti
791 1300 844 1354 aut
866 1293 962 1372 turpis
983 1293 1079 1356 ideam
1102 1297 1275 1360 babuerunt.

109 1392 176 1458 Hoc
199 1402 295 1456 tamen
317 1391 421 1455 bestiis
446 1389 604 1468 distabant,
625 1389 703 1468 quod
728 1390 865 1452 libertate
885 1393 930 1453 nti
950 1398 1085 1469 poterent
1105 1401 1135 1455 et
1155 1396 1277 1458 rationis

109 1496 260 1570 compotes
280 1489 367 1564 ellici,
388 1489 466 1568 quod
487 1487 600 1551 nonnisi
623 1497 689 1566 post
710 1487 803 1551 multa
824 1488 940 1551 saecula
955 1488 1113 1553 intercidit.
1130 1489 1192 1554 lum
1207 1509 1277 1556 vero

108 1587 260 1652 eiusmodi
281 1586 397 1650 vivendi
419 1585 495 1648 ratio
516 1585 606 1649 statui
629 1587 746 1664 politico
767 1593 798 1649 et
818 1586 918 1649 sociali
934 1588 1062 1651 maxime
1076 1592 1277 1667 anteponenda

109 1696 167 1762 est,
179 1695 279 1765 utpote
289 1701 365 1766 quae
378 1686 508 1750 bominis
525 1694 647 1749 naturae
660 1693 689 1748 et
705 1685 836 1748 libertati
851 1686 946 1764 magis
956 1696 1115 1766 congruat;
1131 1688 1168 1750 ab
1182 1705 1278 1768 eaque

43 1773 44 1776 '
109 1786 247 1863 deinceps
274 1785 408 1849 homines
434 1785 581 1847 arbitratu
608 1801 662 1848 suo
683 1793 876 1858 recesserunt,
897 1801 932 1846 an
955 1786 1089 1863 pretione
1109 1786 1179 1848 inita
1201 1787 1277 1850 iuter

110 1900 153 1962 se,
174 1899 250 1962 quae
270 1891 439 1946 contractus
461 1882 580 1947 socialis
606 1881 781 1960 appellatur,
804 1882 921 1945 civilem
948 1884 1119 1946 societatem
1140 1885 1278 1948 efforma-

110 1989 188 2046 ruut.
209 1978 291 2044 Haec
313 1981 432 2058 quidem
454 1978 609 2043 Rousseau
625 1977 676 2060 (l).
1224 1980 1229 1986 ’

152 2075 201 2142 Sic
216 2086 326 2141 statum
342 2078 457 2141 civilem
472 2077 584 2140 bomini
599 2092 720 2156 prorsus
735 2077 927 2141 adventitium
943 2079 1023 2152 lacit,
1040 2087 1139 2157 utpote
1154 2081 1193 2144 ab
1212 2081 1277 2144 eius

110 2184 215 2239 nutura
241 2176 360 2239 minime
386 2175 587 2254 pullulantem,
607 2175 657 2238 sed
682 2191 761 2238 mere
790 2176 920 2255 genitum
949 2193 985 2239 ex
1014 2186 1101 2259 pacto
1126 2186 1157 2241 et
1184 2178 1277 2242 libera

111 2273 261 2338 voluntate
283 2275 437 2338 sociorum.
461 2272 613 2347 Quomodo
634 2281 732 2337 autem
761 2275 866 2338 exinde
896 2275 1043 2352 publicam
1072 2279 1277 2339 auctoritatem

111 2373 245 2437 derivare
267 2382 396 2446 conetur,
417 2372 456 2446 id,
477 2372 589 2451 aptiore
611 2371 687 2449 loeo,
709 2373 831 2435 interius
851 2373 1072 2451 explicabimus.

538 2601 857 2670 PROPOSITIONES.

152 2764 201 2829 34.
223 2764 399 2830 Psorosrrro
423 2765 462 2828 1².
480 2762 628 2829 Hebbesii
649 2769 786 2848 systema
806 2762 975 2828 absordum
996 2769 1051 2828 est.

152 2861 238 2927 Prob.
259 2862 389 2937 Hobbes,
411 2873 443 2927 ut
463 2864 600 2938 diximus,
621 2871 732 2927 statum
752 2863 916 2926 naturalem
941 2864 1068 2927 bominis
1081 2865 1111 2927 in
1134 2872 1278 2943 perpetuo

110 2964 186 3028 bello
197 2964 328 3042 reposuit
338 2963 467 3025 omnium
483 2962 512 3024 in
526 2977 637 3024 omnes.
653 2961 785 3026 lamvero
799 2962 826 3023 si
840 2961 881 3023 ita
897 2969 986 3038 esset,
1001 2962 1090 3025 bomo
1105 2964 1133 3024 vi
1150 2969 1272 3024 ceturae

109 3062 194 3142 longe
216 3061 359 3124 interioris
379 3060 554 3123 conditionis
575 3068 662 3134 esset,
683 3076 771 3138 quam
796 3059 900 3124 bellua.
922 3057 1004 3123 Haeo
1025 3061 1113 3138 enim,
1134 3061 1190 3123 etsi
1205 3076 1274 3123 cum

110 3162 178 3224 aliis
198 3160 269 3222 ieris
291 3159 424 3221 diversae
445 3157 550 3236 speciei
575 3172 662 3235 saepe
682 3158 813 3230 dimicet,
835 3166 932 3220 tamen
953 3170 1022 3221 cum
1048 3159 1110 3220 suis
1131 3158 1278 3221 similibus

111 3274 215 3339 paoem
236 3257 296 3320 alit.
312 3254 361 3320 Sic
376 3271 523 3334 nunquam
540 3255 621 3318 visus
637 3262 682 3318 est
696 3255 742 3317 leo
757 3256 832 3318 leoni
850 3271 979 3334 pugnem
994 3255 1108 3330 inferre,
1123 3264 1174 3318 aut
1193 3256 1280 3334 tigris

111 3356 248 3437 tigridem
261 3354 412 3417 lacessere.
429 3350 515 3417 Solus
530 3353 627 3430 borno,
640 3353 665 3414 si
680 3354 796 3430 superis
809 3353 953 3432 planctui
969 3363 1091 3416 daturne
1105 3361 1278 3431 perpetuum

111 3454 222 3518 bellum
243 3461 343 3531 ageret
364 3467 431 3514 cum
452 3451 559 3513 ceteris
581 3450 758 3514 bominibus.
776 3451 828 3525 At,
850 3460 883 3514 ut
904 3453 1046 3515 omittam
1060 3452 1188 3512 innatam
1213 3465 1279 3527 pro·

114 3552 288 3629 pensionem,
302 3565 390 3629 quam
414 3549 479 3612 boni
502 3563 601 3610 omues
621 3550 822 3626 experiuntur,
836 3567 853 3612 a
867 3551 976 3628 quibus
996 3550 1136 3612 iudicium
1157 3556 1278 3610 naturae

113 3650 190 3712 sumi
211 3650 312 3722 debet;
334 3655 412 3710 certe
442 3647 533 3725 pueri,
555 3647 583 3708 in
606 3647 712 3724 quibus
733 3649 860 3711 nondum
883 3657 988 3711 nutura
1010 3649 1107 3710 abusu
1131 3647 1278 3711 libertatis

112 3747 215 3810 vitiata
234 3754 288 3820 est,
309 3745 441 3823 exemplo
463 3761 515 3808 suo
535 3742 754 3808 Hobbesiauum
777 3744 913 3809 delirium
940 3746 1083 3808 refellunt.
1106 3744 1182 3808 Nam
1208 3757 1276 3809 cum

111 3845 238 3926 primum
259 3844 432 3924 aequalibus
452 3850 622 3915 occurrunt,
642 3855 696 3907 nou
719 3844 877 3906 simultatis
897 3851 927 3906 et
947 3845 1017 3916 olii,
1039 3844 1090 3905 sed
1111 3842 1276 3905 dilectionis

110 3945 209 4024 potius
229 3950 258 4006 et
279 3941 493 4006 benevolentiae
518 3940 601 4020 sigua
630 3942 779 4014 exhibent,
801 3957 891 4020 seque
915 3943 954 4004 ab
976 3942 1037 4003 illis
1058 3941 1188 4018 separari
1210 3957 1279 4018 gra·

86 4031 89 4042 '
110 4043 186 4107 viter
200 4043 304 4106 ierunt.
321 4039 421 4119 Neque
436 4039 464 4102 id
482 4040 588 4102 mirum
602 4047 663 4112 est3
679 4039 834 4118 siquidem,
851 4045 882 4101 ut
900 4039 974 4101 alias
989 4038 1061 4110 dixi,
1074 4038 1138 4118 ipsa
1154 4046 1277 4102 naturae

108 4139 274 4205 similitudo
297 4139 444 4203 homiuem
464 4138 500 4200 ed
524 4137 597 4200 alios
618 4151 717 4200 amore
739 4137 957 4214 prosequendos
977 4137 1111 4216 impellit.

156 4352 191 4415 (l)
210 4354 340 4404 Disserere
355 4368 406 4401 sur
423 4351 513 4416 l'ort'p.
532 4359 556 4400 et
573 4350 609 4399 les
624 4350 704 4414 fond,
721 4350 753 4399 cte
771 4349 866 4414 t'ineg.
878 4351 975 4414 partui
991 4351 1028 4400 les
1045 4351 1170 4401 hommes.
