3159 4934
428 359 511 414 (ΙΑΡΗΤ
531 369 547 412 l.
564 370 598 412 DE
616 369 676 410 FINE
693 368 864 412 bessarionis
883 370 1011 412 Humanas
1081 373 1083 381 '
1262 356 1297 412 Ἡ

129 478 220 543 Deus.
236 477 392 543 Obiectum
413 481 503 560 igitur
523 482 670 546 felicitatis
692 485 837 546 humanae
851 482 953 546 nullibi
975 482 1097 561 reperiri
1118 489 1224 560 potest,
1238 481 1297 543 nisi

128 581 158 639 in
182 576 257 653 Dco;
279 595 315 641 ex
336 579 422 642 cuius
437 581 590 658 adeptione
610 580 721 660 reliqua
744 583 828 657 bona,
850 582 934 644 uobis
953 583 1185 653 accommodata,
1208 581 1298 658 profi-

128 678 291 740 ciscantur.
316 677 365 740 Ad
390 693 452 741 rem
481 677 510 742 S.
533 677 677 742 Thomas:
708 678 894 744 ‹Beatitudo
920 689 967 743 est
995 681 1103 743 bouum
1126 679 1299 766 perfectum,

128 775 212 853 quod
232 774 360 838 totaliter
380 776 494 854 quietat
513 777 690 854 appetitum:
712 777 842 855 alioquin
864 793 919 839 non
939 785 1020 839 esset
1041 765 1163 838 ultimus
1183 777 1261 848 sinis,
1273 775 1298 836 si

128 875 231 937 adbuc
251 882 373 938 restaret
393 874 504 954 aliquid
524 876 730 955 appetendum.
747 875 903 940 Obiectum
919 885 1018 939 numm
1041 875 1200 939 voluntatis
1221 890 1299 953 quae

127 979 178 1036 est
190 972 337 1050 appetitus
349 975 506 1060 numanus,
518 981 563 1036 est
579 971 870 1048 universalebonum,
884 976 963 1037 sicut
973 975 1121 1037 obiectum
1134 972 1298 1035 intellectus

128 1079 180 1134 est
200 1071 363 1135 universale
384 1087 494 1135 verum.
509 1071 556 1136 Ex
575 1088 633 1152 quo
649 1082 729 1151 patet
743 1074 821 1151 quod
836 1073 911 1135 nihil
933 1081 1029 1150 potest
1050 1073 1182 1150 quietare
1198 1072 1300 1134 volun-

129 1176 222 1230 tatem
244 1169 382 1243 nominis,
403 1170 457 1232 nisi
480 1171 587 1234 bonum
609 1171 787 1245 universate3
808 1171 888 1248 quod
910 1186 966 1234 non
980 1171 1132 1233 iuvenitur·
1149 1169 1178 1230 iu
1199 1168 1298 1246 aliquo

128 1275 241 1340 creato,
261 1267 312 1330 sed
335 1267 429 1330 solum
451 1267 479 1330 in
502 1267 576 1343 lle0;
596 1269 665 1348 quia
686 1269 781 1332 omnis
796 1277 930 1339 creatura
945 1270 1037 1332 habet
1057 1269 1218 1331 bonitatem
1233 1282 1301 1343 par-

128 1365 293 1442 ticipatam.
315 1364 399 1430 Unde
426 1367 505 1429 solus
527 1365 605 1430 Deus
629 1367 811 1431 voluntatem
834 1368 962 1430 nominis
984 1367 1106 1446 implere
1127 1373 1233 1444 potest,
1257 1380 1303 1427 se·

128 1460 260 1526 cuudiim
282 1464 360 1543 quod
381 1465 490 1528 dicitnr
510 1465 539 1527 in
561 1464 679 1528 Psalmo
703 1461 777 1528 tot:
795 1501 835 1509 —
849 1463 906 1538 Qui
927 1465 1020 1543 replet
1041 1466 1070 1526 in
1087 1465 1171 1527 bouis
1185 1464 1301 1526 deside·

127 1563 219 1624 rium.
234 1596 274 1606 —
287 1561 321 1626 ln
343 1563 406 1626 solo
427 1564 517 1642 igitur
537 1561 599 1627 Deo
620 1564 771 1627 beatitudo
792 1564 921 1626 nominis
942 1564 1076 1627 consistit
1092 1561 1143 1641 (l).
1161 1584 1180 1618 »

172 1659 269 1738 Atque
295 1661 369 1724 haec
390 1667 450 1723 tam
471 1661 606 1725 sublimis
628 1663 737 1724 veritas
752 1663 818 1740 'ipsi
838 1662 936 1724 illuxit
957 1660 1080 1734 Platoni,
1098 1661 1167 1723 licet
1187 1661 1300 1722 lumine

126 1757 200 1820 fidei
221 1757 377 1832 destitut03
391 1760 443 1837 qui
464 1775 631 1836 supremam
653 1759 779 1822 bominis
801 1759 971 1822 felicitatem
993 1760 1023 1821 in
1043 1758 1198 1821 intuitione
1212 1772 1297 1835 repo·

127 1855 195 1917 suit
206 1856 312 1917 summi
328 1857 394 1918 boni
417 1856 598 1930 universatis,
609 1873 683 1935 quac
704 1873 759 1920 uon
781 1858 922 1937 caliganti
937 1858 1008 1920 nuic
1023 1872 1096 1920 acro
1110 1857 1298 1934 concedatur,

126 1953 186 2016 sed
198 1954 330 2016 animum
344 1969 466 2032 corpore
481 1955 611 2019 solutum
625 1956 655 2016 in
671 1956 851 2034 perennitate
864 1956 943 2018 ritae
957 1963 1074 2019 maneat
1090 1953 1141 2034 (t).
1185 1999 1188 2005 -
1360 2006 1362 2009 .

109 2050 113 2058 '
170 2048 220 2114 at.
233 2049 388 2132 Quaestio.
403 2049 511 2126 Quaeri
527 2062 623 2130 potest
638 2069 790 2131 perquem
806 2061 904 2116 actum
919 2053 1011 2115 animi
1023 2055 1168 2116 habeatur
1181 2052 1300 2130 adeptio

129 2148 222 2211 nnius
247 2151 354 2212 summi
376 2151 453 2224 boui,
474 2167 545 2213 num
566 2167 618 2229 per
642 2161 740 2214 actum
761 2152 928 2215 intellectus
954 2168 992 2214 au
1013 2152 1181 2215 voluntatis.
1203 2149 1298 2224 Quam

128 2248 333 2327 quaestionem
355 2249 399 2310 sic
421 2249 494 2311 scite
514 2250 634 2313 resolvit
656 2247 687 2312 S.
701 2248 839 2314 Thomas.
856 2272 874 2308 «
888 2248 1045 2314 Beatitudo
1060 2249 1140 2330 (non
1154 2249 1302 2313 obiectione

127 2343 190 2408 sed
201 2345 360 2428 inunctis)
371 2353 417 2409 est
431 2347 620 2425 consequutio
635 2349 703 2410 finis
718 2347 823 2410 ultimi.
836 2345 1035 2426 Consequutio
1049 2357 1149 2411 autem
1163 2349 1231 2409 finis
1246 2364 1303 2410 non

130 2443 268 2507 consistit
288 2446 319 2507 in
346 2445 412 2522 ipso
432 2453 501 2508 actu
522 2444 696 2520 voluntatis3
719 2445 855 2508 voluutas
883 2447 960 2509 euim
981 2447 1074 2509 fertur
1093 2447 1124 2507 in
1147 2449 1246 2520 finem,
1268 2454 1303 2507 ut

128 2542 283 2605 absentem
305 2559 372 2606 cum
393 2543 490 2621 ipsum
506 2544 663 2618 desiderat,
677 2553 707 2607 et
722 2553 753 2606 ut
768 2550 951 2622 praesentem
967 2559 1035 2606 cum
1051 2545 1079 2605 iu
1099 2545 1165 2622 ipso
1186 2545 1303 2622 requie·

129 2655 219 2702 scens
240 2640 410 2703 delectatur.
425 2640 612 2706 Manifestum
634 2652 678 2706 est
698 2650 798 2705 autem
818 2644 898 2721 quod
919 2644 1017 2721 ipsum
1039 2643 1216 2705 desiderium
1234 2644 1303 2706 finis

77 2772 81 2778 ·
127 2753 191 2800 non
211 2745 255 2800 est
276 2740 468 2817 consequutio
489 2740 567 2814 finis,
589 2740 641 2802 sed
662 2746 707 2801 est
730 2748 826 2803 motus
846 2741 884 2802 ad
905 2743 1002 2802 finem.
1018 2739 1181 2803 Delectatio
1202 2753 1302 2804 autem

126 2835 249 2898 ddveuit
270 2837 413 2900 voluntati
434 2853 469 2900 ex
491 2839 547 2901 boc
568 2837 646 2916 quod
667 2839 733 2900 finis
754 2845 801 2899 est
822 2853 976 2916 praeseus;
992 2854 1048 2900 uon
1069 2846 1205 2900 autcme
1233 2855 1304 2901 con·

127 2949 220 2997 verso
243 2950 279 2996 ex
307 2937 362 2998 boc
386 2935 496 3014 aliquid
517 2938 552 2998 fit
573 2951 720 3014 praesens,
742 2937 812 3014 quia
834 2936 970 2999 voluutas
991 2935 1155 2998 delectatur
1177 2937 1206 2998 iu
1227 2938 1301 3015 ipso.

128 3030 257 3110 Oportet
278 3032 369 3111 igitur
389 3033 500 3112 aliquid
526 3033 603 3095 aliud
631 3049 693 3096 esse
714 3049 804 3112 quam
825 3042 925 3096 actum
956 3033 1123 3106 voluntatis,
1148 3048 1200 3110 per
1224 3035 1303 3112 quod

128 3132 168 3191 fit
192 3130 257 3192 finis
277 3132 341 3208 ipse
356 3145 493 3208 praeseus
515 3131 668 3196 voluntati.
684 3129 723 3193 Et
744 3133 801 3194 troc
822 3131 975 3194 manifeste
989 3140 1112 3208 apparet
1132 3133 1212 3194 circa
1228 3133 1302 3196 fines

129 3227 295 3291 sensibiles.
317 3226 348 3291 Si
375 3230 453 3291 enim
482 3229 620 3308 consequi
649 3229 802 3307 pecudium
824 3237 900 3292 esset
929 3236 1101 3306 peractum
1129 3228 1303 3302 voluntatis,

129 3326 235 3388 statim
256 3344 272 3389 a
295 3327 437 3404 principio
458 3328 583 3406 cupidus
605 3335 805 3406 consequutus
826 3336 904 3390 esset
926 3327 1089 3403 pecuniam,
1104 3327 1223 3404 quando
1238 3328 1302 3388 vult

131 3437 201 3486 eam
214 3423 330 3487 habere.
346 3422 433 3488 Sedu
450 3425 594 3503 principio
613 3426 732 3505 quidem
747 3427 855 3488 absens
876 3425 975 3496 est-ei3
997 3424 1187 3502 consequitur
1201 3434 1300 3486 autem

130 3523 232 3598 ipsam
247 3537 297 3600 per
316 3522 373 3586 hoc
394 3524 470 3600 quod
486 3539 573 3586 manu
594 3523 787 3600 apprehendit
802 3522 848 3586 vel
869 3521 968 3600 aliquo
982 3521 1165 3594 huiusmodi3
1183 3529 1213 3583 et
1228 3529 1302 3584 tunc

130 3621 199 3680 iam
225 3619 384 3703 delectatur
411 3621 441 3683 iu
463 3622 585 3698 pecunia
607 3621 719 3683 habita.
741 3617 790 3683 Sic
818 3621 909 3699 igitur
929 3626 958 3681 et
979 3619 1058 3682 circa
1086 3618 1300 3696 intelligibilem

129 3719 225 3779 finem
252 3719 401 3796 contingit.
424 3716 499 3781 Nam
521 3736 538 3781 a
561 3709 704 3797 principio
726 3718 862 3794 volumus
890 3718 1031 3806 consequi
1053 3718 1140 3778 finem
1162 3715 1303 3794 iutelligi-

127 3815 238 3890 bilem;
260 3817 468 3894 consequimur
495 3826 594 3880 autem
615 3817 711 3894 ipsum
734 3831 785 3894 per
815 3816 871 3877 boc
891 3815 971 3892 quod
1002 3816 1036 3874 fit
1052 3819 1196 3891 'praeseus
1218 3814 1304 3876 nobis

131 3929 188 3991 per
209 3920 307 3976 actum
328 3913 504 3988 intellectus
524 3921 554 3978 et
574 3922 644 3977 tuuc
666 3913 800 3976 voluutas
821 3912 964 3976 delectata
986 3911 1167 3987 conquiescit
1189 3913 1217 3972 in
1246 3914 1303 3974 fine
1348 3983 1350 3992 p

125 4012 195 4074 iarn
216 4011 330 4089 adepto.
354 4009 402 4075 Sin
423 4012 514 4090 igitur
534 4012 670 4075 essentia
691 4011 880 4074 beatitudinis
900 4006 1078 4088 (fmmcb's)
1092 4008 1121 4069 iu
1136 4017 1206 4071 actu
1220 4009 1307 4072 intel-

181 4245 216 4308 (lt
235 4247 348 4296 Stemma
366 4248 401 4296 tlt·
419 4246 455 4296 1.⁸
470 4247 519 4296 2²⁶
536 4261 559 4310 q.
576 4247 605 4304 Il,
617 4262 639 4295 e.
651 4245 673 4295 8.

180 4325 218 4388 (2)
233 4323 298 4376 Vide
315 4329 370 4377 eius
387 4327 558 4377 Phaedonem
575 4331 601 4376 et
617 4333 714 4376 sextum
732 4325 824 4375 tibrum
842 4325 880 4375 De
896 4327 1054 4389 Republica.
