3159 4934
423 798 852 888 Paussuottnut

358 1005 494 1086 lUS
547 1005 924 1084 SOOIALE

554 1209 712 1220 --.--—-

500 1583 772 1652 rnanouunuo
807 1592 832 1672 j

92 1765 140 1830 Ex
160 1772 284 1844 angusto
298 1765 514 1828 individuorum
530 1781 613 1845 gyro,
627 1766 664 1828 ad
687 1766 817 1843 amplum
837 1767 986 1830 societatis
1000 1782 1137 1845 eampum
1153 1783 1220 1846 gra·

45 1864 199 1928 dientibus
226 1863 311 1942 longe
336 1862 531 1941 praestantior
555 1863 739 1926 tractationis
763 1866 885 1927 materia
914 1865 998 1927 nobis
1017 1866 1164 1928 obiicitur.
1187 1863 1220 1928 ln

46 1962 157 2042 primis
178 1962 254 2024 enim
277 1977 351 2025 nova
366 1964 431 2024 iura
447 1969 476 2024 et
490 1962 595 2037 officia,
609 1970 729 2041 propter
750 1977 841 2025 novas
862 1962 1022 2042 relationes,
1039 1979 1114 2042 qnas
1132 1965 1220 2027 homo

46 2060 187 2138 suscipit,
202 2059 440 2134 manifestantem
464 2059 568 2122 deinde
586 2060 635 2122 illa
657 2061 755 2135 etiam,
771 2060 833 2124 sive
854 2061 919 2123 iura
940 2062 1001 2124 sive
1023 2061 1130 2135 officia,
1144 2077 1219 2138 qnae

45 2175 86 2222 ex
102 2164 206 2219 natura
227 2156 387 2230 dimanant,
408 2156 533 2235 amplius
555 2173 587 2219 se
609 2157 744 2235 produnt,
766 2165 797 2220 et
817 2158 964 2220 diversam
979 2159 1039 2222 vim
1061 2159 1217 2221 exerentia.

45 2255 211 2318 Enimvero
231 2254 303 2333 quid
324 2255 474 2316 rationalis
493 2263 596 2317 natura
618 2255 674 2318 lert
694 2255 777 2334 plene
798 2257 1003 2334 cumulateque
1024 2256 1147 2334 intelligi
1168 2270 1218 2318 ne·

45 2354 127 2431 quit,
142 2351 195 2413 nisi
209 2352 311 2414 eadem
333 2353 534 2416 consideretur
547 2369 603 2416 non
619 2364 705 2432 prout
724 2354 754 2415 in
769 2354 895 2433 singulis
914 2355 1025 2417 relucet
1038 2353 1219 2424 hominibus,

47 2451 104 2513 sed
126 2458 212 2528 prout
233 2450 261 2511 in
281 2465 382 2514 eorum
401 2452 611 2514 communitate
632 2467 662 2513 se
682 2449 819 2529 explicat.
834 2451 867 2515 ln
889 2454 945 2514 lnac
965 2453 1041 2513 enim
1063 2451 1218 2513 dumtaxat

45 2550 116 2612 eius
129 2548 184 2622 vis,
200 2547 374 2625 pulcritudo,
391 2550 538 2626 perfectio,
553 2557 614 2611 tota
629 2558 738 2628 quanta
754 2557 808 2624 est,
823 2548 1015 2627 splendesce
1031 2564 1099 2610 cnm
1114 2556 1216 2611 contra

47 2645 164 2708 nonnisi
185 2645 344 2707 admodum
365 2646 484 2708 delinita
508 2654 597 2725 atque
618 2648 751 2709 arctibus
771 2647 916 2709 limitibus
937 2646 1164 2724 circumscripta
1184 2645 1214 2708 in

45 2743 159 2822 quovis
179 2742 296 2805 homine
310 2758 443 2806 scorsum
465 2753 615 2822 appareat.
630 2743 711 2817 Quae
732 2760 800 2807 cum
821 2745 863 2806 ita
884 2744 953 2818 sint,
967 2760 1051 2807 nemo
1066 2761 1123 2808 non
1137 2744 1219 2807 videt

46 2841 155 2920 quanti
175 2841 313 2904 momenti
328 2843 367 2904 sit
382 2852 597 2920 argumentum,
610 2843 689 2920 quod
709 2843 906 2922 aggredimur.
922 2839 962 2906 Ut
976 2849 1076 2904 antem
1097 2840 1217 2904 claritas

46 2950 78 3004 et
93 2941 167 3004 ordo
184 2941 351 3005 tractationi
365 2940 454 3014 adsit,
468 2941 566 3020 aliqua
582 2942 704 3003 velutin
720 2939 864 3002 vestibulo
885 2940 1031 3002 innuenda
1051 2945 1128 3013 sunt,
1142 2953 1219 3017 quae

46 3039 197 3102 notionem
218 3038 368 3100 societatis
389 3039 549 3118 generatim
572 3039 730 3118 attingunt.

89 3133 217 3198 Nomine
238 3136 386 3199 societatis
407 3136 479 3198 nihil
502 3136 582 3198 alind
603 3136 790 3214 intelligitur,
804 3135 861 3198 nisi
876 3133 1002 3200 Iooetio
1017 3133 1169 3213 retortum,
1184 3136 1220 3197 io

47 3251 240 3296 commoneor
260 3231 355 3310 finem
380 3231 448 3296 sois
472 3232 593 3298 ncta‘dos
616 3234 875 3313 conspirantiam.
896 3231 974 3296 Hinc
1003 3241 1134 3311 apparet,
1154 3249 1218 3294 eam
1335 3231 1337 3234 ⁴

46 3331 165 3394 nonnisi
185 3345 221 3392 ex
236 3331 352 3394 entibus
367 3332 477 3396 ratione
492 3331 633 3410 praeditis
652 3326 823 3395 coalescere
836 3347 931 3410 posse.
946 3328 1027 3394 Haec
1048 3331 1126 3394 enim
1140 3331 1217 3393 entia

48 3431 205 3494 dumtaxat
236 3432 322 3494 linem
355 3431 585 3510 apprehendunt,
614 3439 733 3510 propter
763 3445 851 3509 quem
879 3429 1038 3502 sociantur,
1066 3436 1156 3506 atque
1183 3427 1222 3489 ad

49 3528 146 3606 ipsum
168 3528 357 3592 obtinendum
372 3545 428 3590 una
451 3545 518 3591 enm
533 3529 600 3590 aliis
614 3530 745 3592 actiones
759 3545 829 3590 suas
843 3526 1009 3590 collineant.
1026 3525 1074 3588 Ad
1094 3525 1125 3586 id
1143 3526 1221 3587 enim

48 3624 211 3704 requiritur
239 3633 302 3688 tum
324 3626 368 3688 vis
395 3625 613 3704 intelligentiae,
635 3635 698 3689 tum
724 3625 830 3690 libera·
844 3623 989 3698 voluntas,
1009 3639 1084 3702 quae
1111 3622 1220 3685 intuitu

48 3724 120 3800 finis
135 3723 286 3788 inferiores
306 3723 461 3787 facultates
483 3724 520 3786 ad
542 3724 629 3786 simul
645 3724 825 3802 onerandum
844 3722 989 3800 impellam
1009 3737 1085 3799 quae
1107 3736 1177 3783 sane
1191 3722 1221 3792 in

47 3821 250 3887 animantibus
274 3823 386 3885 ratione
410 3821 559 3884 destitutis
579 3820 677 3884 locum
701 3837 757 3884 non
778 3821 897 3883 habent.
918 3809 1000 3881 Haec
1020 3819 1107 3892 enim,
1128 3818 1218 3881 etiam

46 3936 117 3984 cum
133 3921 163 3983 in
178 3936 269 3983 unum
284 3923 389 3984 coeunt
402 3925 431 3982 et
446 3920 510 3983 ideo
524 3920 671 3984 iunctione
682 3919 779 3998 aliqua
794 3917 940 3980 materiali
956 3924 1100 3995 tenentur,
1112 3917 1221 3980 bonum

46 4033 215 4091 commune,
237 4018 323 4081 euius
344 4017 416 4080 socii
445 4017 604 4095 participes
629 4018 805 4089 efficiantur,
826 4025 1011 4092 nequaquam
1037 4016 1221 4094 percipiunt3

46 4117 102 4180 sed
121 4117 162 4180 ad
187 4116 275 4179 simul
298 4115 443 4195 agendum
467 4115 609 4177 instinctu
635 4113 790 4176 dumtaxat
814 4122 936 4175 naturae
959 4113 1102 4176 feruntm.
1125 4111 1218 4178 lmmo

45 4215 184 4278 homines
197 4212 296 4289 etiam¹
310 4215 365 4278 etsi
386 4211 563 4277 coniunctim
584 4212 693 4276 alicubi
707 4217 825 4275 exstent
839 4220 869 4274 et
882 4211 991 4291 singuli
1011 4212 1087 4275 idem
1111 4214 1219 4275 bonum

44 4315 125 4377 forte
145 4321 317 4391 pmcnrcnt;
331 4319 428 4376 tamen
442 4311 610 4374 societatem
625 4309 736 4372 nullam
751 4309 916 4385 efformem,
929 4309 986 4372 nisi
1008 4311 1115 4373 honum
1133 4309 1219 4383 illud,
