3159 4934
126 1327 137 1343 A·

295 241 349 297 tao
614 254 656 297 tus
673 254 798 296 unvunns
816 273 826 282 -
844 254 912 296 raus
930 254 956 294 n.
975 252 1018 296 rus
1036 251 1144 296 socrate

216 421 220 429 .
295 384 383 448 aegre
403 369 499 432 lerant
519 383 551 431 se
571 368 610 430 ab
630 367 696 430 aliis
716 368 826 430 virtute
854 367 1003 444 superam
1026 374 1138 429 mutam
1165 369 1313 430 humanae
1339 374 1476 429 naturae

294 466 467 545 dignitatem
483 466 519 528 de
533 466 628 545 gradu
642 465 766 528 deiicere
780 473 811 527 et
825 465 1002 543 vituperare,
1013 480 1059 539 ac,
1070 465 1096 526 si
1110 465 1174 528 lieri
1188 472 1299 544 posset,
1315 466 1351 528 de
1365 465 1475 529 medio

297 565 403 643 pellere
424 565 566 627 nituntur.

336 659 365 726 6.
380 660 556 725 Pnonosrrro
571 659 612 723 4².
629 657 827 740 Palponolria
840 679 895 723 seu
912 659 1102 724 mmnltonea
1115 659 1400 725 coronationem
1415 661 1477 738 fe·

292 761 487 824 minaeorum
503 757 653 839 pluribus
674 758 762 834 uiris,
785 757 929 820 naturali
948 758 1014 821 iuri
1032 761 1197 838 repugnet.

333 856 419 922 Prob.
442 856 601 936 Repugnat
627 857 685 922 iuri
707 865 838 930 naturae,
859 857 938 934 quod
958 856 1134 919 adversatur
1155 857 1207 918 tini
1232 858 1387 935 praecipuo
1411 875 1477 920 nu-

294 957 422 1036 ptiarum
437 965 467 1018 et
481 955 575 1018 ordini
590 955 753 1018 officiorum
768 970 805 1017 ex
818 954 964 1033 coniugali
983 956 1122 1018 societate
1142 956 1352 1018 enascentium.
1367 955 1473 1034 Atqui

294 1055 363 1118 talis
384 1061 431 1116 est
452 1051 632 1132 polyandria.
649 1049 727 1130 Ergo
748 1051 806 1114 iuri
820 1059 944 1114 naturae
965 1059 1117 1132 repugnat.
1132 1053 1172 1116 lit
1186 1069 1267 1128 sane,
1280 1061 1315 1115 ut
1328 1054 1473 1117 omittam

296 1151 481 1216 sterilitatem
496 1150 628 1223 feminae,
642 1158 718 1228 quae
731 1149 799 1212 inde
813 1150 1012 1228 consequitur,
1028 1149 1174 1213 incertum
1189 1166 1241 1229 per
1260 1150 1472 1230 polyandriam

297 1256 426 1327 maneret
436 1265 452 1310 a
464 1263 523 1328 quo
534 1254 616 1326 patre
631 1248 725 1326 proles
739 1249 778 1310 sit
793 1247 899 1327 genita.
912 1245 1003 1310 Cuius
1016 1248 1233 1311 incertitudinis
1248 1251 1472 1313 consectarium

30 1345 267 1442 ‚siddim
314 1355 383 1422 sset,
404 1354 436 1410 ut
456 1346 618 1410 nesciretur
639 1362 656 1407 a
679 1361 737 1424 quo
757 1345 822 1407 eius
842 1344 1009 1409 educandae
1030 1346 1162 1409 officium
1184 1345 1365 1425 implendum
1386 1350 1441 1411 sit.

32 1454 163 1542 assis

41 1544 58 1666 l

274 1439 276 1446 ’
339 1443 493 1508 Praeterea
507 1445 537 1505 in
552 1443 719 1506 huiusmodi
734 1449 921 1506 monstruosa
940 1444 1083 1506 societate
1097 1443 1212 1507 deesset
1232 1445 1474 1524 caputtamitiae

296 1543 557 1615 administrandam
579 1541 680 1605 uxoris
701 1541 827 1603 auectus
849 1540 878 1602 in
899 1540 1000 1618 plures
1029 1541 1211 1630 divideretur
1231 1557 1267 1605 ae
1287 1542 1361 1604 nulli
1382 1544 1474 1620 plene

295 1642 483 1714 adhaereret;
497 1639 558 1703 nati
575 1638 674 1702 debito
688 1638 852 1700 dilectionis
865 1646 896 1700 et
910 1638 1028 1716 pietatis
1045 1655 1116 1716 erga
1139 1648 1253 1716 patrem
1273 1640 1472 1716 solverentur,

296 1755 365 1803 uum
386 1740 554 1826 ignorarent
575 1737 623 1800 cui
645 1737 736 1800 vitam
758 1743 911 1814 acceptam
931 1737 1039 1798 reterre
1060 1737 1213 1811 deberent;
1235 1747 1397 1816 perpetuus
1420 1755 1472 1802 ze·

213 1854 218 1862 ·
296 1837 424 1916 lotypiae
445 1852 480 1899 ac
502 1835 622 1914 proinde
642 1835 858 1897 dissensionum
877 1841 909 1896 et
929 1834 1062 1896 rixarum
1084 1836 1148 1898 lons
1168 1836 1338 1898 haberetur.

338 1931 365 1996 7.
384 1932 556 1996 Pnonosrrto
567 1928 609 1995 5⁸.
626 1927 817 2012 Polpppm'a,
833 1949 888 1993 seu
900 1930 1093 1994 simultonco
1106 1931 1203 1994 nnius
1217 1932 1280 1994 oiri
1292 1933 1466 1998 mniunetio

297 2048 367 2096 cnm
380 2030 528 2110 pluribus
548 2028 708 2105 onomius,
729 2028 788 2091 etsi
809 2025 948 2092 obsolute
968 2029 1033 2091 tort
1057 2032 1194 2091 naturae
1223 2046 1287 2094 non
1306 2033 1465 2111 repugnet,

298 2135 402 2195 tumen
422 2127 461 2194 ab
480 2129 549 2208 a‘pso
569 2145 632 2190 noo
651 2143 765 2206 partam
786 2124 923 2190 absumo.

338 2229 422 2294 Prob.
444 2226 528 2302 Quod
549 2226 681 2290 absolute
702 2225 759 2286 iuri
781 2232 903 2288 naturae
923 2241 979 2288 uon
1001 2234 1154 2304 repugnet,
1169 2233 1250 2304 patet
1270 2242 1307 2290 en
1328 2243 1373 2302 eo,
1387 2228 1467 2307 quod

297 2327 477 2406 susceptioni
492 2332 589 2389 certae
609 2322 710 2401 prolis,
724 2338 760 2385 ac
775 2323 895 2400 proinde
909 2324 960 2386 lini
976 2324 1134 2402 praecipuo
1148 2325 1285 2388 connubii
1303 2342 1362 2389 non
1376 2342 1471 2404 oppo-

296 2428 385 2490 nitur.
407 2424 491 2499 Quod
513 2438 580 2487 vero
605 2422 662 2484 iuri
687 2429 811 2483 naturae
831 2437 888 2484 non
910 2436 1014 2499 parum
1035 2421 1188 2495 dissideat,
1208 2421 1293 2485 lacile
1313 2424 1466 2486 suadetur,

296 2523 411 2589 Exinde
431 2524 508 2586 enim
524 2528 693 2586 contractus
713 2519 878 2610 aequalitas
899 2518 1032 2582 exularet
1052 2528 1082 2582 et
1097 2520 1232 2598 'perlecta
1253 2520 1380 2583 duarum
1403 2538 1468 2600 per·

298 2622 486 2687 sonalitatum
504 2620 682 2684 coniunctio.
704 2605 803 2696 Longe
823 2619 901 2680 enirn
920 2619 1041 2681 interior
1063 2605 1231 2681 tune'esset
1252 2619 1383 2682 conditio
1403 2636 1473 2682 mu·

297 2719 388 2793 lieris,
402 2735 491 2797 quam
505 2719 573 2790 viri;
590 2722 620 2779 et
634 2725 756 2778 mutnus
778 2731 862 2779 amor
877 2715 962 2779 valde
975 2715 1197 2779 defervesceret.
1213 2714 1288 2780 Tum
1303 2717 1396 2781 etiam
1411 2734 1471 2797 pax

298 2825 326 2879 et
348 2815 546 2894 tranquillitas
570 2813 678 2892 iugiter
703 2815 880 2875 turbaretur.
906 2811 946 2877 Ut
969 2812 1045 2876 enim
1071 2821 1150 2876 recte
1171 2821 1254 2878 notat
1274 2813 1471 2882 Heineccius:

300 2911 435 2998 «Plures
449 2901 535 2974 unius
557 2911 612 2974 viri
633 2926 740 2973 uxores
758 2911 878 2985 invidia,
892 2910 1045 2988 zelotypia,
1059 2911 1218 2976 aemulatio
1238 2919 1267 2975 et
1289 2913 1374 2976 mille
1395 2915 1471 2979 aliae

297 3026 404 3075 causae
423 3009 553 3088 qnotidie
578 3009 728 3072 collidunt.
751 3007 814 3071 lam
842 3008 1065 3071 enim·'mulieri
1094 3010 1264 3083 venustiori,
1285 3010 1471 3085 iuvenculae,

295 3107 456 3174 fecundiori
479 3107 633 3184 magisque
660 3106 792 3181 amabili,
815 3105 875 3168 iam
903 3104 1001 3184 plures
1030 3121 1133 3168 earnm
1162 3107 1278 3181 marito,
1300 3124 1391 3170 unam
1419 3118 1472 3172 aut

297 3207 421 3270 alteram
442 3204 500 3267 sibi
521 3205 706 3282 praeferenti3
729 3205 788 3266 iarn
808 3205 910 3266 eadem
925 3202 1046 3266 alterins
1061 3203 1173 3278 liberis,
1193 3205 1346 3269 erectioris
1359 3206 1473 3286 ingenii

297 3306 344 3369 vel
358 3303 436 3383 patri
451 3303 537 3381 paulo
559 3303 733 3375 carioribus,
747 3309 900 3365 succenset
915 3299 966 3380 (l).
981 3323 1000 3358 s
1015 3300 1113 3374 Quare
1133 3303 1191 3365 etsi
1211 3302 1242 3365 in
1265 3305 1356 3367 veteri
1378 3313 1474 3368 testa·

298 3410 405 3477 mento,
426 3401 464 3463 ad
491 3399 607 3463 fidelem
636 3398 776 3478 populum
805 3398 1072 3476 multiplicandum,
1100 3399 1302 3476 pluralitatem
1332 3419 1471 3477 uxorum,

298 3507 398 3579 utpote
411 3498 470 3560 iuri
484 3506 606 3561 naturae
627 3512 683 3560 non
698 3497 815 3576 penitus
835 3505 1056 3575 repugnantem,
1071 3493 1152 3560 Deus
1174 3498 1343 3574 indulserit;
1359 3507 1474 3575 tamen,

297 3587 400 3676 utpote
424 3596 530 3660 rationi
551 3611 608 3659 non
628 3595 700 3656 satis
720 3594 908 3668 conformem,
928 3594 958 3656 in
978 3609 1054 3658 novo
1081 3594 1166 3672 plane
1189 3597 1357 3674 probibuit;
1379 3599 1473 3676 potis·

297 3697 406 3759 simum
425 3695 496 3775 quia
518 3709 569 3773 per
589 3692 683 3771 legem
707 3691 905 3771 evangelicam
929 3693 1147 3756 matrimonium
1173 3694 1211 3756 ad
1237 3695 1422 3773 primitivam
1443 3703 1474 3758 et

296 3796 475 3874 completam
490 3792 536 3856 sui
553 3792 758 3871 perlectionem
774 3791 944 3853 restitutum
958 3797 1013 3864 est,
1030 3799 1227 3871 erectumque
1240 3793 1279 3854 ad
1291 3792 1471 3871 dignitatem

297 3893 483 3968 sacramenti,
499 3891 633 3955 unionem
649 3885 761 3952 Christi
775 3904 843 3951 eum
858 3887 1003 3969 Ecclesia,
1018 3905 1093 3968 qnae
1109 3907 1166 3953 una
1187 3895 1243 3964 est,
1258 3890 1475 3970 significantis.

346 4100 380 4162 (l)
397 4101 436 4150 De
453 4102 513 4151 iure
529 4112 646 4152 naturae
661 4099 832 4164 sapentiam,
849 4097 864 4146 l.
879 4097 903 4158 2,
919 4113 938 4148 c.
954 4097 977 4147 2.
