3159 4934
290 369 344 427 ast
612 383 655 427 rus
674 383 799 426 nuruum
818 383 910 426 -rnas
927 383 951 426 n.
971 381 1013 424 uus
1030 379 1138 424 meraca

332 495 429 574 Atque
451 495 521 560 hinc
542 504 666 574 apparet
686 497 848 560 necessitas
871 498 974 560 tertiae
994 496 1081 560 dotis.
1107 494 1181 559 Cum
1196 495 1275 559 enim
1290 495 1470 558 exsecutiva

292 602 421 671 potestas
442 593 599 656 adamante
620 601 681 656 stet
703 603 847 673 oporteat,
861 594 957 673 quoad
972 593 1166 657 obedientiam
1181 592 1298 670 legibus
1312 591 1473 654 vindican-

289 691 372 763 dam;
395 691 452 754 nisi
474 690 559 754 valde
581 692 621 754 sit
637 692 775 768 prudens,
792 693 893 756 odiosa
908 692 995 755 nimis
1008 701 1038 755 et
1052 692 1151 770 grauis
1164 690 1279 754 evadet.
1294 688 1376 753 Nam
1397 704 1470 752 oum

220 841 224 850 .
291 805 346 850 nun
359 788 473 866 lapides
487 789 685 852 sedhomines
702 798 829 853 tractare
846 790 960 864 debeat,
970 791 1021 869 qui
1036 789 1184 852 voluntate
1197 787 1291 852 libera
1306 797 1338 850 el.
1352 788 1471 849 ratione

289 894 465 964 operantum
489 887 652 950 efficaciam
675 903 758 950 suam
781 888 914 950 subiecto
938 887 1160 950 accommodare
1183 901 1239 949 uon
1266 885 1389 964 poterit,
1410 885 1469 946 nisi

290 985 436 1074 sapienter
456 985 572 1047 noverit
593 977 803 1048 voluntatem
795 1001 891 1070 ipsam
912 985 1103 1047 curationem
1126 985 1313 1061 subditorum
1336 996 1470 1054 movere

291 1091 324 1144 ut
344 1097 445 1144 eornm
467 1083 545 1146 actio
566 1097 621 1146 nou
643 1083 769 1145 violenta
792 1083 830 1145 sit
853 1092 884 1146 ct
905 1084 1090 1147 extrinsecus
1112 1082 1266 1161 impressa,
1289 1081 1342 1144 sed
1360 1088 1470 1158 speum

290 1181 385 1242 tluens
406 1186 435 1242 et
456 1196 473 1242 a
496 1175 642 1258 principio
655 1180 778 1243 interno.
794 1178 885 1244 Secus
905 1181 929 1243 si
950 1182 1098 1244 obnitente
1118 1181 1252 1243 subiecto
1268 1178 1350 1242 actio
1365 1177 1470 1241 elicia-

293 1286 356 1350 tur;
377 1284 475 1340 motus
497 1277 613 1340 socialis
635 1293 690 1341 non
714 1278 800 1341 modu
819 1293 876 1341 non
897 1278 953 1340 erit
973 1279 1130 1352 humanus,
1152 1277 1203 1340 sed
1229 1279 1322 1340 etiam
1344 1292 1380 1339 ea
1404 1276 1468 1338 vita

289 1383 320 1437 et
344 1375 447 1438 robore
462 1375 648 1448 destituetur,
661 1391 738 1453 quae
752 1375 866 1438 nonnisi
882 1376 911 1438 in
933 1378 1100 1454 spontaneis
1113 1377 1231 1440 actibus
1246 1375 1409 1454 reperitur.
1423 1373 1468 1436 At

290 1487 360 1535 vcro
387 1487 471 1535 nemo
491 1489 547 1536 non
576 1473 657 1536 videt
677 1473 715 1538 ad
736 1474 882 1536 eiusmodi
910 1475 996 1536 tinem
1017 1474 1208 1538 obtinendum
1235 1489 1292 1537 uon
1319 1473 1467 1537 mediocri
1536 1478 1540 1489 '

290 1569 495 1654 prudentiam
524 1586 659 1650 supremo
673 1572 878 1654 gubernatore
904 1587 978 1648 opus
1004 1587 1080 1649 csse,
1102 1581 1136 1634 ut
1159 1573 1236 1635 sciat
1264 1571 1406 1634 subditos
1427 1571 1467 1632 ad

290 1667 388 1747 legum
409 1685 538 1732 amorem
560 1669 686 1746 allicere,
702 1668 858 1748 disciplina
878 1667 977 1732 debita
996 1670 1138 1744 imbuere,
1153 1677 1183 1733 et
1201 1671 1244 1732 ita
1263 1668 1400 1732 ordinem
1417 1684 1467 1731 so·

292 1767 409 1829 pietatis
433 1767 587 1841 instruere,
609 1775 641 1830 ut
663 1768 776 1845 privata
802 1768 947 1830 sociorum
968 1766 1083 1830 utilitas
1104 1783 1174 1830 cum
1199 1771 1360 1844 communi,
1385 1781 1466 1844 quae

289 1880 327 1926 ex
349 1864 447 1943 legum
470 1866 604 1928 custodia
625 1867 757 1944 emergit,
778 1867 904 1928 maxime
925 1864 1088 1943 copuletur.

327 1958 392 2024 Hae
406 1960 489 2025 dotes
505 1963 534 2023 iu
551 1963 689 2025 exercitio
702 1963 888 2026 exsecuuvae
902 1963 1056 2044 potcstatis
1069 1979 1104 2026 ex
1119 1963 1184 2027 eius
1206 1962 1368 2041 organismo
1381 1961 1457 2022 oriri

286 2059 406 2132 debeut;
423 2060 473 2137 qui
495 2067 591 2123 tamen
613 2061 731 2124 minime
752 2061 908 2140 sufficeret,
923 2062 979 2123 nisi
1000 2061 1128 2141 qualitas
1148 2062 1238 2124 etiam
1261 2075 1456 2139 personarum

286 2156 324 2220 ad
351 2156 383 2219 id
410 2158 560 2220 conterret.
582 2156 614 2222 ln
635 2158 673 2220 iis
696 2159 787 2237 igitur
808 2158 954 2222 rectitudo
981 2160 1081 2235 animi,
1101 2159 1275 2236 constantia,
1298 2157 1460 2222 exercendi

286 2256 416 2320 muueris
436 2257 555 2319 seientia
572 2265 640 2319 sunt
660 2243 834 2330 necessaria,¹
849 2258 975 2320 maxime
989 2267 1088 2320 autem
1108 2258 1241 2320 studium
1257 2257 1365 2320 ardens
1384 2256 1464 2319 boui
1564 2314 1565 2317 ,

288 2353 407 2434 publici.
1565 2348 1567 2379 ³

830 2537 844 2608 s
866 2530 916 2596 ΙΙΙ.

666 2661 715 2727 De
730 2668 886 2744 potestate
905 2663 1078 2728 iudiciaria.

263 2885 269 2897 ·
326 2856 373 2922 90.
396 2857 470 2939 puto
491 2857 539 2935 sil,
563 2859 747 2939 Quamquam
771 2866 903 2938 potestas
924 2859 1071 2923 iudicialis
1092 2875 1148 2923 non
1169 2860 1396 2938 incongruenter
1421 2863 1464 2923 ad

285 2959 487 3021 exsecutivam
510 2959 639 3023 revocari
662 2960 754 3035 possit
774 2967 805 3020 et
827 2957 988 3032 viceversa,
1010 2959 1116 3021 melius
1139 2965 1236 3022 tamen
1256 2959 1295 3021 ab
1309 2976 1342 3022 ea
1359 2975 1470 3024 secer·

288 3056 375 3118 nitur.
397 3053 438 3118 Ut
458 3065 555 3118 autem
576 3057 756 3136 intelligatur
777 3057 807 3118 in
829 3072 888 3135 quo
909 3057 964 3118 sita
987 3058 1037 3134 sit,
1058 3057 1218 3119 notandum
1239 3059 1334 3120 estin
1356 3056 1466 3136 legum

289 3153 484 3232 applicatione
506 3157 687 3230 procuranda
708 3157 923 3218 controversias
936 3153 1080 3233 quasdam
1098 3170 1258 3230 exsurgere
1273 3170 1360 3233 posse
1374 3157 1466 3220 circa

289 3253 354 3313 iura
379 3249 559 3328 singulorum
581 3260 633 3313 aut
652 3253 730 3316 tacta
755 3252 870 3330 legibus
893 3251 1027 3324 adverso,
1052 3267 1127 3333 quae
1152 3267 1273 3314 examen
1295 3260 1325 3314 et
1344 3253 1468 3318 sociale

289 3349 433 3412 iudicium
449 3356 582 3426 poscunt.
598 3347 681 3420 Quod
696 3351 814 3428 quidem
829 3349 970 3412 iudicium
985 3350 1014 3410 in
1029 3350 1085 3412 hoc
1106 3349 1232 3426 ponitur,
1248 3357 1281 3411 ut
1297 3350 1468 3415 deliniatur

267 3447 344 3508 'utri
366 3446 442 3524 parti
464 3448 510 3506 ius
533 3445 718 3508 tribuendum
739 3449 787 3526 sit,
810 3455 861 3509 aut
882 3447 968 3509 cuius
989 3455 1112 3508 naturae
1133 3447 1305 3520 sitiactum,
1326 3461 1386 3524 quo
1408 3447 1467 3512 lex

286 3543 390 3606 violata
416 3550 471 3616 est,
497 3552 525 3606 et
550 3559 607 3621 qua
624 3558 713 3621 poena
728 3545 817 3622 plecti
836 3551 981 3607 mereatur
995 3541 1046 3623 (1).
1068 3541 1101 3605 tu
1123 3544 1212 3605 etiam
1235 3544 1388 3622 proprium
1410 3557 1467 3609 est

286 3641 480 3714 auctoritatis,
495 3642 532 3702 ad
548 3657 636 3720 quam
651 3643 722 3704 ordo
736 3643 765 3704 ln
782 3644 921 3706 societate
943 3641 1093 3718 ponendus
1107 3650 1136 3704 et
1151 3643 1371 3705 conservandus
1389 3659 1467 3722 per-

287 3738 367 3800 tinet
382 3737 566 3816 Quapropter
587 3738 628 3801 illi
650 3740 790 3817 competit
815 3755 888 3802 nova
913 3739 1031 3817 iunctio,
1052 3755 1128 3816 quae
1144 3747 1275 3816 potestas
1297 3740 1463 3806 iudiciaria

285 3843 476 3912 nuncupatur.

324 3925 372 3992 91.
388 3931 442 3998 Est
456 3929 583 4016 duplex:
599 3930 698 3999 ciuilis
715 3937 746 3999 et
761 3929 941 4000 criminalis.
953 3929 1090 3996 Potestas
1101 3933 1267 4010 rudterarta
1279 3943 1314 3997 ut
1327 3935 1463 4016 quisque

286 4023 375 4097 videt,
395 4028 424 4087 in
445 4028 564 4092 ciuilem
584 4038 613 4093 et
637 4029 830 4094 criminalem
850 4030 1034 4108 dispescitur.
1059 4029 1137 4094 Nam
1159 4033 1274 4095 versari
1297 4040 1395 4110 potest
1408 4037 1463 4099 vel

331 4232 365 4294 (1)
382 4234 554 4292 «Iudicium,
571 4241 607 4288 ait
623 4241 649 4289 S.
660 4241 780 4300 Thomas,
793 4242 921 4304 importat
936 4241 1122 4304 definitionem
1133 4259 1180 4292 scu
1198 4245 1460 4296 determinationem

282 4313 356 4368 inccta,
372 4313 426 4362 siue
443 4315 520 4364 iuris.
533 4335 546 4361 s
564 4318 669 4369 Summa
684 4323 731 4371 Th.
749 4321 777 4369 2²
793 4322 834 4370 2⁸⁰
850 4337 873 4385 q.
891 4321 943 4380 LX,
959 4335 983 4370 a.
1000 4320 1021 4370 1.
