3159 4934
351 309 436 355 curor
454 309 488 353 tv.
508 312 543 363 nn,
560 310 669 355 nameus
689 312 797 355 uourms
814 314 885 357 aneu
904 311 980 356 xnros
1191 301 1244 358 185

76 424 171 505 partis
190 439 350 488 consensus
371 426 511 502 poscitur.
528 423 672 504 Exceptio
694 434 790 489 tamen
806 428 937 490 iacienda
958 431 1054 502 estol
1075 438 1245 495 contractus
1267 428 1271 433 ’

73 531 181 585 natura
204 538 258 585 sna
279 531 330 585 aut
351 523 379 586 vi
400 522 476 601 legis
497 524 536 586 sit
561 524 782 588 indissolubilis.
804 524 888 598 Tune
914 526 992 589 enim
1012 530 1070 591 etsi
1096 530 1191 604 initio,
1211 538 1245 592 nt

69 623 165 695 fieret,
180 638 197 685 a
212 619 363 685 voluntate
378 622 613 685 contrahentium
633 623 796 701 protectum
810 626 924 701 estqab
937 626 1040 688 eadem
1060 642 1116 689 non
1139 627 1246 704 pendet

69 720 101 780 in
116 719 282 793 duratione,
296 735 372 798 quae
386 720 425 783 ab
440 718 544 783 altiore
559 720 704 799 principio
722 721 941 785 determinatur.
956 720 1053 795 Quare
1073 732 1245 788 contractus

66 817 218 883 eiusmodi
238 818 375 897 deinceps
398 832 448 896 per
469 826 605 881 mutuum
627 834 801 883 consensum
821 818 897 883 solvi
919 820 1028 899 nequit.

110 914 222 990 Tertio,
237 915 419 997 extinguitur
438 916 590 995 obligatio,
603 933 639 979 ex
656 925 809 980 contractu
830 926 1009 992 emtarum
1029 919 1094 982 eius
1110 921 1245 985 executio

72 1016 111 1077 tit
128 1014 338 1093 impossibilis;
358 1025 392 1077 ut
413 1016 449 1095 si,
470 1016 596 1094 exempli
618 1017 725 1094 gratia,
740 1033 787 1079 res
802 1017 867 1094 ipsa
889 1025 992 1096 pereat
1012 1026 1064 1081 aut
1084 1019 1177 1083 aliena
1198 1020 1244 1085 ris

71 1129 131 1175 noo
152 1111 318 1190 superabile
338 1112 577 1190 impedimentum
600 1122 736 1193 opponat.
759 1112 841 1179 Tunc
869 1124 949 1179 certe
973 1117 1010 1181 ad
1040 1126 1159 1195 pactum
1188 1118 1243 1179 im·
1360 1101 1363 1110 ’

69 1208 209 1288 piendum
230 1210 295 1273 iure
315 1210 458 1289 adstringi
480 1228 605 1290 persona
626 1228 683 1275 non
704 1220 815 1291 potest;
835 1213 979 1292 siquidem
1003 1215 1082 1279 nulla
1103 1216 1243 1295 obligatio

65 1310 220 1373 obiectum
248 1310 429 1387 impossibile
456 1309 586 1388 respicit.
611 1310 654 1373 At
682 1312 709 1373 si
737 1312 880 1375 eiusmodi
906 1314 1129 1392 impossibilitas
1156 1314 1242 1393 culpa

66 1407 244 1471 alterutrius
265 1406 358 1486 partis
379 1407 554 1487 patrissantis
573 1408 732 1483 intercidit,
753 1411 828 1473 haec
845 1410 883 1472 ad
905 1410 1027 1473 alteram
1049 1418 1163 1490 partem
1186 1412 1244 1476 alio

68 1505 158 1569 modo
180 1506 423 1585 compensandam
446 1514 570 1571 moetur.

110 1600 254 1677 Tandem,
273 1619 309 1665 ne
331 1604 418 1682 plura
448 1612 607 1680 consecter,
629 1612 778 1679 eontracta
807 1606 947 1686 obligatio
976 1606 1101 1670 solvitur
1128 1609 1244 1673 deiectu
1297 1634 1301 1640 ·

67 1701 260 1775 conditionis,
272 1717 348 1781 quae
363 1703 401 1766 ab
422 1702 566 1767 alterutra
588 1710 671 1782 barte
691 1719 747 1767 non
769 1704 937 1781 impleatur,
951 1713 981 1767 et
994 1706 1080 1768 cuius
1094 1707 1245 1770 exsecutio

67 1815 214 1878 expresse
234 1799 279 1862 uel
302 1800 428 1863 taeitea
457 1810 610 1865 contractu
639 1800 849 1880 praesumitur.
871 1800 905 1866 ld
934 1803 1117 1881 potissimum
1146 1802 1242 1869 locum

66 1898 162 1960 babet
176 1898 206 1960 in
220 1904 372 1961 contractu
389 1898 545 1973 bilaterali,
562 1900 676 1978 quoties
689 1899 831 1963 alteruter
846 1903 1022 1964 contrahens
1035 1902 1130 1980 pactis
1151 1903 1243 1967 deest.

65 1994 154 2061 Tunc
168 2004 248 2057 certe
262 2010 332 2072 pars
347 1995 439 2059 altera
454 1996 533 2059 omni
552 1997 731 2076 obligatione
746 1997 905 2071 liberatum
918 2006 996 2061 esset
1008 1999 1086 2062 enirn
1100 1999 1243 2063 iniustum

67 2104 101 2157 ut
125 2110 183 2155 una
204 2101 320 2156 mutum
349 2109 419 2171 pars
447 2095 527 2157 oneri
548 2095 699 2158 subiaceat
719 2095 748 2157 iu
777 2097 908 2159 favorem
929 2095 1021 2170 illius,
1041 2112 1117 2176 quae
1142 2097 1243 2159 datam

67 2191 193 2255 violavit
215 2192 312 2281 tidem.
334 2192 434 2273 Atque
455 2193 529 2257 haee
550 2193 737 2272 potissimum
760 2193 897 2256 videntur
925 2210 1042 2268 causae,
1065 2195 1093 2256 ri
1114 2207 1242 2273 quarum

65 2298 278 2355 contractuum
299 2290 418 2355 vincula
440 2290 653 2355 dissolvuntur.

108 2390 163 2458 83.
187 2390 229 2460 lle
250 2408 359 2460 usura.
382 2390 550 2457 Omittenda
565 2394 616 2458 bio
630 2394 749 2457 minime
764 2403 812 2457 est
831 2396 929 2473 magni
945 2395 1082 2457 momenti
1097 2394 1241 2472 quaestio,

64 2508 147 2570 quae
170 2511 226 2555 non
247 2508 351 2571 parum
373 2492 411 2554 ad
433 2507 530 2555 mores
550 2492 684 2556 interest:
701 2500 800 2555 utrum
822 2492 956 2555 videlicet
978 2509 1068 2555 usura
1082 2493 1121 2554 sit
1135 2492 1240 2557 illicita

67 2593 97 2653 vi
122 2596 254 2666 naturae,
275 2604 374 2653 necne.
396 2588 450 2653 Est
470 2598 570 2653 autem
592 2605 682 2651 usura
713 2588 835 2651 lucrum
855 2607 894 2651 ee
920 2592 1028 2653 mutuo
1055 2589 1240 2668 quaesitum,

67 2705 126 2752 seu
146 2704 183 2751 ex
204 2704 258 2751 usu
280 2688 429 2767 pecuniae,
444 2703 520 2766 quae
540 2686 623 2751 alteri
646 2688 858 2751 commodatur.
875 2684 955 2759 Quae
968 2687 1086 2765 quidem
1107 2688 1241 2766 quaestio

67 2785 181 2851 resolvi
200 2786 310 2865 nequit,
332 2786 389 2849 nisi
409 2794 494 2848 antea
516 2784 574 2848 dno
597 2786 687 2862 probe
708 2785 926 2864 intelligantur:
945 2784 1019 2865 qnid
1048 2787 1170 2863 pecnnia
1191 2786 1241 2860 sit,

65 2893 94 2949 et
118 2885 150 2947 in
172 2900 231 2963 quo
251 2885 314 2947 eius
336 2900 408 2947 usus
427 2891 597 2962 reponatur.

108 2979 161 3045 84.
184 2977 258 3061 putu
280 2977 319 3047 sil
347 2978 490 3067 pecunia.
513 2978 573 3045 Res
598 2982 628 3043 in
656 2982 833 3045 commercio
856 2982 968 3059 positae
996 2981 1055 3043 viro
1083 2983 1242 3060 quamdam

67 3080 184 3142 babent
202 3077 340 3141 utilitatis
354 3079 529 3151 atterendae,
542 3080 580 3143 ob
601 3094 690 3158 quam
705 3080 839 3142 homines
852 3079 1034 3142 inducuntur
1050 3079 1088 3141 ad
1107 3094 1159 3141 eas
1173 3095 1241 3141 curn

67 3179 161 3242 rebus
174 3177 243 3239 aliis
263 3179 496 3241 commutandas.
510 3176 588 3242 Hinc
602 3194 640 3241 ex
654 3179 800 3243 communi
814 3178 1032 3242 existimatione
1044 3177 1241 3241 determinata

66 3276 215 3355 quaedam
239 3278 390 3354 quantitas
418 3277 527 3339 valoris
555 3276 597 3339 rei
618 3277 724 3355 cuique
751 3276 836 3350 inest,
858 3283 993 3355 respectu
1018 3276 1154 3347 aliarum,
1175 3275 1241 3353 qui·

68 3375 196 3437 boscum
212 3374 386 3437 commutari
402 3381 506 3453 potest,
521 3390 597 3453 quae
608 3374 749 3453 'pretium
764 3374 828 3437 eius
842 3373 1049 3437 intrinsecum
1063 3374 1240 3435 nominatur.

70 3470 118 3533 At
137 3472 163 3532 si
180 3472 408 3535 commutatione
429 3487 527 3535 rerum
549 3488 616 3535 cnm
639 3474 738 3546 rebus,
759 3488 814 3551 ope
836 3472 930 3535 solius
952 3471 1059 3535 valoris
1080 3468 1241 3541 intrinseci,

67 3570 281 3633 commercium
309 3580 503 3643 exerceretur,
532 3569 687 3649 multiplex
714 3570 876 3634 difficultas
905 3577 1084 3647 exsurgeret.
1107 3566 1240 3630 Primum

68 3665 152 3730 enim
173 3683 219 3731 res
239 3668 372 3747 singulae
392 3684 459 3732 eurn
479 3668 602 3747 singulis
624 3670 838 3747 comparandae
858 3677 975 3741 essent;
1000 3669 1033 3730 u't
1052 3680 1154 3729 earum
1177 3679 1243 3741 pre·

67 3765 157 3839 tium,
172 3766 252 3844 quod
265 3782 302 3829 ex
323 3766 379 3829 bac
394 3768 610 3846 comparatione
631 3767 765 3843 emergit,
780 3765 982 3828 innotesceret.
998 3762 1118 3836 Deinde,
1131 3761 1243 3824 multae

67 3871 142 3926 sunt
155 3880 203 3927 res
217 3880 293 3943 quae
307 3867 452 3944 asportari
475 3873 631 3945 nequeunt,
646 3872 679 3927 ut
700 3864 829 3941 praedia,
845 3864 962 3935 domus,
977 3877 1012 3923 ac
1030 3861 1152 3939 reliqua,
1167 3875 1243 3939 quae

66 3962 189 4025 stabilia
211 3963 358 4026 dicuntur.
374 3961 483 4037 Tertio,
497 3964 579 4042 ipsae
601 3979 647 4025 res
669 3962 793 4025 mobiles
813 3976 903 4039 saepe
923 3960 985 4022 sine
1005 3973 1112 4036 magno
1133 3959 1245 4023 incom-

66 4060 160 4125 modo
186 4068 216 4122 et
237 4061 368 4139 periculo
390 4061 540 4123 transferri
567 4076 623 4123 non
648 4066 783 4137 possunt.
806 4056 884 4121 Hine
912 4056 991 4134 apud
1019 4054 1114 4118 cultas
1141 4063 1243 4135 gentes

68 4174 156 4221 merx
170 4157 269 4237 aliqua
284 4159 449 4228 introductu
465 4156 581 4237 ostani
596 4155 678 4220 valor
690 4155 812 4233 qnidam
825 4154 1037 4217 determinatus
1052 4154 1241 4228 tribueretur,

67 4260 210 4335 respectu
224 4274 322 4322 rerum
343 4258 475 4321 omnium
488 4254 663 4320 commercio
685 4253 899 4316 subiectarum:
914 4268 991 4331 quae
1006 4251 1127 4331 proinde
1147 4251 1243 4315 evasit
