3159 4934
281 309 336 369 338
439 322 481 365 rus
499 320 624 363 mouens
641 336 651 347 ·
670 318 738 361 nnus
755 317 791 360 ιιι.
810 317 852 359 rus
870 314 1096 359 mmnuuruonaue
1114 315 1163 359 sao
1181 314 1296 357 ιιιιτιιιιι

764 590 933 654 Auricuuus
949 588 970 652 l.

614 724 665 789 De
684 725 803 787 mutuos
817 724 980 788 notionum
1002 722 1123 805 officiis.

325 924 354 990 3.
377 908 496 993 Utilitas
518 917 722 989 tractationis.
749 918 790 984 Ut
814 920 950 983 observat
973 917 1081 999 Vattel,
1113 921 1164 983 vix
1188 922 1248 985 tere
1275 922 1457 1000 sperandum

285 1033 386 1088 estut
406 1021 510 1084 faciles
531 1035 618 1082 aures
639 1019 862 1082 accommodent
881 1019 946 1083 roci
967 1019 1042 1081 iuris
1062 1028 1152 1098 atque
1173 1036 1189 1081 a
1212 1019 1348 1084 violentia
1364 1021 1458 1083 absti-

284 1130 381 1201 ueaut,
394 1121 446 1199 qui
463 1119 577 1182 viribus
598 1124 757 1196 praestant,
771 1116 842 1178 dum
858 1117 895 1179 ad
917 1116 1073 1181 debiliores
1094 1117 1299 1196 opprimendos
1320 1132 1374 1195 spe
1390 1134 1460 1196 pro-

286 1222 366 1299 priae
387 1217 525 1280 utilitatis
547 1215 733 1293 pelliciuutur
756 1212 807 1294 (l).
835 1213 868 1278 ld
895 1216 1081 1293 potissimum
1107 1216 1331 1278 donationibus
1353 1232 1458 1279 verum

285 1328 341 1383 est.
357 1315 399 1381 Ut
417 1315 495 1387 euim
515 1315 628 1387 ιιιιιιιι
648 1314 795 1393 quaedam
809 1313 988 1390 experientia
1002 1313 1098 1386 docet,
1119 1321 1231 1391 gentes,
1250 1329 1328 1392 quae
1343 1314 1459 1376 viribus

287 1416 477 1498 praepollent,
491 1414 541 1476 vix
559 1421 612 1475 aot
630 1430 667 1476 ne
688 1414 737 1475 vix
758 1412 879 1491 quidem
900 1428 917 1473 ι
939 1412 1049 1489 proprii
1071 1411 1188 1488 imperii
1208 1411 1364 1485 limitibus,
1386 1413 1459 1483 rici,-

286 1530 390 1580 norom
404 1514 520 1590 damno,
535 1510 693 1574 dilatandis
709 1517 884 1595 temperant,
901 1516 1019 1587 propter
1036 1507 1129 1571 solam
1146 1509 1309 1571 honestatis
1322 1509 1464 1589 laudem;

287 1615 339 1679 sed
349 1611 444 1689 tacite,
454 1611 480 1673 si
495 1608 732 1688 possunt,aliena
747 1607 898 1684 diripiunt.
914 1606 956 1668 At
971 1620 1025 1668 nou
1041 1606 1152 1669 idcirco
1167 1606 1262 1669 oleum
1277 1622 1460 1687 operamque

287 1712 407 1792 perdere
428 1708 542 1771 dicendi
564 1722 677 1779 sumus,
697 1720 766 1769 cum
787 1704 823 1767 de
845 1704 1061 1766 internatiouali
1086 1704 1202 1767 iustitia
1224 1721 1258 1767 ac
1284 1706 1321 1768 de
1348 1706 1461 1769 mutuis

286 1808 480 1875 humanitatis
499 1804 606 1869 officiis
627 1804 703 1866 iuter
722 1807 823 1881 gentes
837 1800 992 1864 servandis
1015 1810 1170 1879 praecepta
1186 1801 1342 1865 tradimus
1359 1800 1460 1867 Nimis

286 1914 363 1973 euim
378 1905 551 1969 iniuriosum
565 1908 645 1964 esset
658 1900 787 1962 humano
802 1897 963 1977 gemetico
979 1897 1079 1960 tristia
1095 1898 1297 1962 nonnullorum
1314 1901 1456 1979 exempla,
1566 1926 1567 1959 ι

287 2008 324 2069 de
338 2004 470 2069 moribus
489 2002 655 2077 desperare,
670 2014 706 2061 ac
719 1997 795 2059 nihil
809 1996 951 2060 valituras
965 1995 1072 2059 ducere
1085 2004 1210 2058 naturae
1227 1999 1456 2076 praeceptiones,

287 2104 430 2167 adversus
460 2098 656 2177 cupiditatum
684 2096 876 2158 irritamenta.
902 2090 1052 2169 Ceterum,
1085 2094 1229 2173 quidquid
1258 2096 1310 2169 sit,
1344 2112 1458 2174 semper

287 2200 457 2267 consultum
471 2198 527 2259 erit
541 2203 629 2275 atque
644 2194 726 2268 utile,
739 2209 773 2256 ea
793 2209 869 2271 quae
890 2209 908 2254 a
928 2200 1033 2254 natura
1046 2200 1076 2254 et
1089 2192 1191 2255 ordine
1206 2194 1462 2269 praescribuntur,

287 2300 502 2379 patefacereret
522 2294 680 2367 inculcare,
702 2300 735 2355 ut
754 2293 863 2354 harum
883 2290 982 2369 legum
1004 2289 1161 2355 violatores
1183 2292 1332 2354 communi
1354 2291 1462 2357 saltem

289 2396 502 2476 vituperatione
518 2391 690 2471 plectantur,
711 2398 751 2470 et,
773 2390 800 2451 si
821 2389 885 2451 lieri
908 2396 1012 2468 potest,
1034 2404 1052 2450 ι
1072 2387 1261 2467 gravioribus
1282 2389 1401 2452 iniuriis
1420 2392 1465 2453 iu-

287 2495 414 2559 tereudis
433 2492 645 2554 deterreantur.

231 2580 236 2587 ’
328 2591 356 2655 t.
379 2589 485 2657 llotoa
513 2582 651 2653 Gentium
678 2580 895 2649 habitualem
920 2582 1043 2661 siugulis
1069 2582 1204 2646 homiues
1230 2592 1298 2646 suut
1319 2600 1464 2663 personae
1565 2582 1566 2585 ’

290 2690 439 2771 physicae,
465 2685 574 2750 innatis
600 2683 717 2746 iuribus
743 2689 874 2757 ornatae,
902 2687 932 2743 et
956 2680 986 2741 iu
1012 2681 1069 2743 hoc
1091 2681 1228 2759 aequales
1252 2682 1329 2745 iuter
1351 2699 1397 2758 εις
1421 2685 1464 2747 sic

290 2784 564 2870 mrporapodtim,
584 2791 687 2844 mutuo
708 2778 941 2857 independeutia,
963 2794 1103 2856 personae
1134 2787 1204 2841 suut
1232 2780 1368 2855 morales,
1389 2798 1465 2860 quac

290 2883 423 2947 vicissim
451 2882 678 2961 aequiparantur
702 2886 839 2955 respectu
860 2876 983 2953 iunium,
1003 2893 1039 2939 ex
1061 2878 1118 2939 hac
1141 2878 1348 2957 personalitate
1370 2895 1465 2943 emer-

290 2981 438 3061 gentium3
459 2996 552 3057 neque
572 2978 602 3040 iu
623 2979 680 3040 hoc
701 2975 761 3038 ulla
782 2973 962 3037 discriminis
976 2975 1051 3038 ratio
1066 2974 1181 3037 desumi
1197 2983 1293 3052 potest
1307 2992 1344 3039 ιι
1358 2977 1466 3041 ιιιιοιι

290 3077 582 3169 numero-surdorum
603 3083 655 3138 aut
670 3072 864 3158 amplitodiue
879 3071 1025 3159 potentiae
1044 3080 1096 3134 aut
1117 3072 1288 3135 divitiarum
1312 3074 1411 3162 copia
1426 3071 1465 3137 Ut

290 3179 367 3241 euim
389 3169 514 3253 pusillus
534 3160 622 3235 homo
636 3184 667 3235 et
687 3172 746 3233 iere
760 3170 893 3231 omnium
913 3184 1023 3249 egenus
1045 3176 1097 3230 aut
1118 3158 1395 3245 imtields‘iiri‘bus,
1409 3186 1464 3233 uou

291 3274 389 3335 miuus
410 3273 500 3334 homo
519 3277 574 3342 est,
589 3284 677 3346 quam
692 3268 774 3330 dives
789 3283 825 3329 ac
840 3267 953 3329 viribus
973 3274 1004 3328 et
1020 3266 1136 3345 iugenio
1153 3274 1321 3342 praestaus;
1343 3260 1388 3332 sic
1403 3284 1465 3331 res-

292 3370 420 3450 publica,
446 3376 606 3445 utcumque
634 3366 768 3444 augustis
794 3363 932 3428 conclusa
952 3364 1109 3438 limitibus,
1130 3370 1182 3425 aut
1207 3364 1292 3426 rudis
1312 3372 1344 3429 et
1367 3382 1466 3429 rerum

291 3469 413 3547 penuria
427 3466 574 3539 laborans,
589 3478 681 3542 aeque
695 3460 823 3525 societas
836 3461 1032 3539 independens
1046 3469 1102 3539 est,
1113 3477 1286 3540 acreqoum
1302 3467 1467 3543 utcumque

292 3572 395 3643 potens
414 3572 444 3626 ιι
464 3571 582 3627 vastum
602 3568 632 3623 et
653 3560 763 3623 maiore
783 3561 877 3637 gradu
900 3559 998 3621 cultus
1019 3558 1116 3621 civilis
1137 3566 1285 3621 ornatum.
1308 3557 1469 3625 Eiusmodi

292 3669 391 3724 autem
416 3660 592 3739 aequalitas,
614 3664 647 3719 ut
669 3656 796 3736 quisque
816 3656 905 3731 videt,
925 3672 962 3719 ιιι
991 3657 1129 3733 specifica
1158 3652 1311 3743 identitate
1343 3666 1469 3721 naturae
1563 3664 1564 3679 ³

293 3760 435 3832 dimanat,
446 3774 481 3819 ac
497 3756 616 3835 proinde
630 3754 660 3816 iu
674 3752 789 3841 iuribus
800 3753 939 3827 cernitur,
953 3768 1028 3832 quae
1042 3754 1080 3815 ab
1095 3754 1220 3816 essentia
1235 3754 1244 3815 i
1248 3769 1301 3831 psa
1316 3756 1470 3818 societatis

293 3856 529 3942 proficiscuntur.
544 3849 626 3915 Haec
647 3859 726 3914 certe
747 3851 813 3912 iura
834 3866 887 3928 pro
907 3850 1013 3930 quavis
1035 3852 1175 3915 societate
1196 3852 1332 3913 eumdem
1357 3854 1470 3916 habeut

295 3953 412 4014 titulum
427 3952 563 4031 idemque
577 3950 808 4023 tundamentum,
819 3963 922 4026 nempe
931 3956 1069 4010 naturam
1085 3948 1213 4012 hominis
1224 3958 1254 4012 et
1268 3949 1384 4013 iactum
1400 3965 1471 4014 cou-

295 4048 464 4113 sectationis
485 4041 631 4127 politicae.

343 4260 377 4322 (l)
396 4263 430 4311 Le
445 4241 576 4314 crotonas
591 4279 664 4327 qens,
680 4270 698 4312 t.
715 4264 733 4321 l,
750 4264 789 4312 liv.
805 4262 834 4321 ll,
849 4262 890 4310 ch.
909 4261 932 4309 l.
