3159 4934
439 361 528 404 carun
544 359 570 401 ιι.
591 360 625 403 nn
643 360 783 404 morerere
802 361 880 403 cruror
1191 349 1247 409 989

65 476 188 538 iuribus
209 476 392 554 privatorum
414 473 549 537 derivari.
572 472 615 537 Αι
638 489 692 537 nos
719 473 987 538 demonstravimus
1008 476 1070 538 cius
1099 478 1243 555 originem

65 572 202 637 divinam
223 588 306 646 esse3
328 572 473 650 siquidem
494 588 511 633 a
533 570 595 635 Deo
615 572 826 651 proficiscitur,
847 572 965 634 iubente
985 573 1117 637 ordinem
1142 576 1173 636 in
1194 590 1241 638 so

66 674 189 745 eistete,
210 676 299 749 atque
319 670 386 734 ideo
406 670 472 733 iura
493 668 590 732 omnia
612 668 782 749 elargitum,
796 686 873 749 quae
893 670 931 732 ad
946 671 1069 734 ordinis
1089 671 1245 735 incolumi·

67 775 165 831 tatem
185 774 216 831 et
237 768 358 831 tutelam
372 768 540 831 necessaria
561 777 638 829 sunt.
653 766 792 841 Quare
764 786 811 833 vis
826 769 1012 833 auctoritatis
1035 770 1170 847 politicae
1184 787 1242 835 non

67 882 109 975 ιιι
131 866 194 928 iure
215 865 398 977 singulorum
420 864 566 928 metienda
585 874 640 947 est,
654 866 706 928 sed
728 883 764 929 en
785 874 890 977 natura
911 868 1033 942 ordinis
1046 868 1097 947 qui
1120 884 1244 979 propor-

68 1068 177 1124 contra
198 1034 353 1123 audaciam
375 1061 505 1124 sceleris
528 1058 696 1141 Utrumque
716 1071 827 1136 autem,
841 1071 874 1123 ut
894 1063 1036 1137 diximus
1051 1080 1171 1143 poenam
1195 1080 1245 1128 ca·

70 1159 148 1237 pitis
166 1159 342 1237 quandoque
363 1159 501 1241 postulat

115 1254 247 1320 διιιιιιιι
268 1273 337 1320 vero
356 1258 518 1322 difficultas
532 1258 728 1362 experientiae
748 1266 778 1320 et
791 1257 897 1321 rationi
913 1268 1066 1337 repugnat
1082 1257 1245 1340 Experier-

68 1358 132 1419 tiae
152 1356 280 1437 quidem,
295 1372 353 1435 qua
374 1357 526 1431 docemur,
539 1365 678 1420 nocentes
699 1370 821 1434 poenam
843 1356 951 1434 capitis
966 1355 1159 1421 libentissime
1175 1372 1244 1421 cum

69 1462 215 1533 perpetuo
242 1468 360 1540 carcere
387 1462 579 1533 commutare,
600 1454 690 1532 idque
710 1454 845 1535 beneficii
874 1453 938 1517 loco
959 1454 1097 1532 recipere.
1120 1453 1244 1519 Rationi

69 1561 270 1631 auremquae
284 1552 379 1615 dictat
392 1554 483 1615 ιιιιιιιι
497 1554 719 1616 tundamentum
730 1569 797 1617 esse
812 1554 954 1616 bonorum
966 1554 1105 1627 omniurn,
1116 1569 1242 1633 quorum
1273 1635 1275 1637 =

69 1665 190 1729 semper
211 1666 280 1729 pars
301 1650 400 1735 adque
422 1648 680 1726 marcomanos
695 1650 772 1725 vita3
794 1650 966 1728 praesertim
989 1651 1014 1712 si
1037 1664 1105 1729 spes
1120 1651 1244 1731 affulget

69 1748 289 1827 recuperandae
312 1738 468 1823 libertatis,
493 1757 613 1828 propter
636 1757 739 1813 eventa
763 1764 840 1826 quae
865 1749 1033 1826 contingere
1059 1759 1184 1828 possunt
1212 1761 1242 1813 et

71 1861 162 1923 saepe
182 1847 366 1924 contingunt.

111 1941 211 2007 Tertia
232 1943 394 2007 difficultas
423 1944 611 2022 apertissime
631 1942 739 2007 orsum
761 1944 894 2007 includit.
917 1943 996 2008 Nam
1023 1958 1114 2025 poena
1136 1946 1243 2025 capitis

71 2043 188 2105 nuttam
201 2042 352 2107 homicidii
367 2042 589 2105 similitudinem
605 2042 725 2116 retinet,
740 2058 808 2105 com
824 2042 1006 2106 differentiae
1020 2044 1093 2105 satis
1108 2046 1244 2108 omnibus

71 2148 202 2217 pateant,
217 2146 279 2202 tum
294 2156 330 2203 er
345 2146 427 2217 parte
442 2140 510 2202 finis
524 2141 574 2218 qui
589 2150 635 2202 est
655 2140 745 2226 ordo
749 2140 892 2226 iustitiae
907 2147 969 2203 tum
984 2157 1020 2204 ex
1035 2149 1120 2219 parte
1134 2158 1243 2215 causae
1349 2168 1353 2175 ·

71 2245 209 2315 quaeest
229 2237 345 2336 puplica
368 2246 508 2329 potestas,
525 2244 588 2299 tum
603 2218 745 2301 domurn
743 2254 779 2301 ex
801 2247 884 2317 parte
899 2240 988 2314 modi,
1004 2246 1122 2317 propter
1136 2238 1244 2302 solem·

70 2334 194 2397 nitatem
219 2330 336 2396 funerei
357 2329 527 2413 apparatur
548 2351 607 2413 quo
640 2335 801 2415 peragitur
829 2332 910 2400 Unde
939 2337 1085 2399 intuentes
1116 2351 1172 2398 non
1203 2336 1242 2399 ad

69 2430 212 2494 delictum
225 2431 328 2506 allicit
341 2432 393 2495 scd
406 2448 424 2494 a
438 2432 546 2495 delicto
561 2441 676 2509 avocat
691 2449 759 2495 curn
781 2434 879 2511 ipsum
901 2433 1037 2496 ostendat
1052 2441 1133 2497 tanto
1150 2434 1242 2497 detri-

68 2537 170 2591 mento
191 2528 374 2608 comitatum.

109 2625 244 2705 Denique
266 2626 368 2689 ultima
390 2626 552 2691 difficultas
572 2628 755 2705 questionem
777 2629 806 2690 in
829 2627 932 2705 primis
954 2627 1054 2691 eludit.
1076 2626 1142 2693 Non
1164 2628 1241 2707 enim

66 2727 108 2788 de
129 2725 240 2788 maiore
262 2725 388 2789 utilitate
409 2742 445 2787 ex
470 2726 643 2788 nocentibus
664 2726 816 2803 capienda,
839 2726 890 2789 sed
918 2726 954 2790 de
983 2726 1087 2811 ordine
1103 2727 1242 2816 iustitiae

66 2831 101 2887 et
122 2821 187 2908 iure
206 2822 330 2910 tuendae
350 2824 501 2885 societatis
523 2825 572 2887 hic
592 2826 699 2903 agitur.
715 2822 827 2887 Deinde
840 2824 958 2887 etiamsi
980 2796 1109 2887 utilitas
1113 2824 1242 2903 spectari

65 2902 251 2993 delitesce
271 2915 507 2984 emolumenturn
518 2922 677 3001 publicae
666 2916 837 2985 securitatis
859 2931 889 2985 et
909 2922 1099 3001 redintegrati
1119 2922 1241 3024 ordinis,

64 3017 175 3097 queris
196 3019 254 3081 alia
269 3020 416 3082 materiali
431 3018 557 3082 utilitate
579 3022 776 3098 praestantius
799 3028 854 3083 est.

77 3113 159 3185 9,6.
180 3114 394 3201 despondetur
415 3113 636 3183 obiectionibus
660 3115 791 3183 dhretis.
822 3116 960 3196 Sophiste
983 3118 1033 3181 hic
1049 3118 1104 3181 triu
1131 3119 1240 3182 obiicit.

65 3216 90 3278 l.
105 3212 261 3277 Hominem
276 3214 444 3277 interimere
460 3215 569 3277 malurn
591 3231 663 3277 esse.
677 3212 709 3278 Si
720 3230 792 3293 ergo
813 3216 983 3278 auctoritati
999 3216 1100 3279 liceret
1116 3224 1240 3279 mortem

63 3301 342 3390 homini'iudigere,
363 3320 483 3390 propter
497 3320 645 3389 patratum
666 3311 826 3390 flagitium
849 3313 1058 3376 stabiliendum
1081 3322 1160 3377 esset
1181 3314 1239 3377 hoc

64 3409 263 3489 principium:
284 3408 369 3472 Licet
389 3410 500 3472 malurn
522 3411 626 3484 iacere,
647 3410 717 3487 quia
740 3410 816 3472 aiter
842 3411 953 3473 melum
983 3412 1060 3474 iecit.
1083 3410 1116 3475 Id
1140 3420 1251 3474 autem*
1274 3406 1276 3412 ’

59 3507 231 3571 absurdum
245 3516 301 3569 est.
316 3505 352 3570 11.
368 3505 475 3580 Homo,
492 3522 559 3571 corn
581 3523 705 3585 persona
726 3508 765 3569 sit
779 3516 809 3570 et
824 3508 891 3569 duis
905 3508 935 3569 in
957 3509 1075 3582 mundo,
1089 3502 1239 3586 nunquam

60 3606 99 3667 iu
114 3618 175 3665 rem
189 3614 218 3667 et
238 3604 367 3667 medium
389 3606 517 3667 converti
540 3610 646 3682 potest.
669 3604 702 3670 Id
717 3611 817 3668 autem
832 3607 902 3668 iacit
917 3621 1007 3683 poena
1022 3606 1139 3682 capitis.
1160 3603 1239 3667 Nam

61 3701 108 3766 ad
132 3709 269 3765 terrorem
284 3702 350 3770 aliis
364 3702 575 3778 incutiendum,
590 3703 702 3766 homini
719 3704 809 3765 vitam
830 3704 942 3765 adimit
956 3700 1007 3765 itt.
1022 3701 1072 3767 Ios
1089 3702 1205 3765 vivendi
1221 3720 1238 3764 a

60 3810 175 3867 natura
208 3802 349 3882 procedit.
380 3801 461 3881 Ergo
488 3802 584 3864 amitti
612 3802 723 3880 nequit,
752 3808 872 3879 propter
899 3800 1043 3863 actionem
1077 3807 1240 3877 utcumque

61 3917 201 3983 pravam.

104 3998 343 4079 Respondemus,
358 3997 468 4063 malum
483 4009 549 4060 csse
569 3996 716 4061 homiuem
731 3997 898 4059 interimere
918 3996 1094 4058 auctoritate
1112 3994 1238 4072 privata,

58 4104 190 4176 excepto
211 4114 284 4161 casu
305 4096 400 4159 iustae
421 4095 605 4167 detensionis,
627 4110 683 4157 uon
708 4108 773 4157 vero
794 4094 969 4157 anctoritate
991 4092 1119 4171 publica.
1143 4090 1238 4156 Secus
1304 4092 1305 4099 ’
1328 4096 1330 4099 ’

59 4197 147 4261 bella
168 4196 258 4259 etiam
280 4194 386 4259 rationi
406 4184 612 4271 repugnarent,
632 4192 709 4271 quod
736 4199 814 4254 certe
836 4191 954 4254 Atrrens
982 4206 1039 4255 uon
1069 4190 1237 4253 assentitur.

59 4294 200 4359 Iamrcro
222 4308 312 4371 poena
333 4291 440 4371 capitis
468 4291 506 4354 ab
532 4290 709 4353 auctoritate
737 4288 838 4351 sociali
867 4287 1030 4368 indigitur3
1051 4304 1086 4352 ac
1115 4287 1238 4375 proinde

128 4406 452 4456 Lmnenroen—Etirr'ca
468 4413 492 4453 ct
507 4405 551 4453 ius
566 4410 692 4451 naturae
1146 4399 1177 4449 19
