3159 4934
379 305 464 349 CAPUT
481 306 517 347 lll.
531 307 565 348 bx
582 306 672 349 bunna
692 306 863 354 ordenatores
880 308 1009 352 mauult
1226 298 1277 355 107

100 420 191 483 modo
204 419 293 494 valet,
304 434 372 481 cum
388 434 480 498 aeque
494 420 533 483 ad
547 423 703 484 honestum
717 430 747 484 et
762 430 847 499 turpe
858 423 936 485 llccti
950 424 1053 502 possit,
1066 424 1151 489 modo
1164 434 1279 488 utrum-

101 534 162 597 quc
176 517 214 579 ad
228 532 332 596 pacem
344 518 391 581 vel
401 518 512 581 bellum
526 520 666 582 conterat.
680 518 766 583 luxta
782 535 851 583 vero
864 522 995 598 regulam
1010 520 1173 596 Tbcmasii,
1184 524 1278 587 multa

100 615 232 679 bominis
254 616 352 679 officia
373 616 553 690 laberentur,
566 619 683 695 quoties
702 634 756 695 pro
769 618 807 681 iis
823 620 1001 698 pauperiem,
1016 635 1183 695 aerumnas,
1197 622 1278 695 odia,

103 719 261 787 tormenta,
276 720 401 777 mortem
421 715 517 792 ipsam
538 716 639 779 subire
659 723 815 793 oporteret.
838 716 969 796 Denique
991 716 1086 781 Grotii
1107 727 1137 782 ct
1159 718 1278 781 Puden-

99 812 192 875 dorfii
205 813 382 891 principium
396 813 499 891 nequit
512 829 578 879 esse
593 814 720 891 primum
732 823 854 878 naturae
865 825 1065 895 praeceptum,
1077 833 1145 879 eum
1160 816 1280 879 aliunde

100 909 232 987 pendeat
252 925 306 974 nec
326 910 476 973 adomnia
496 912 686 998 protendatur
706 914 813 976 officia.
828 910 873 975 lla
892 914 981 989 emm,
1001 931 1078 993 quae
1099 916 1188 979 bomo
1208 911 1279 993 erga

100 1009 236 1087 seipsum
257 1024 292 1071 ac
312 1008 501 1087 potissimum
521 1026 593 1089 erga
614 1008 710 1074 Deum
732 1019 883 1089 praestare
905 1019 1027 1091 tenetur,
1042 1014 1196 1076 manifeste
1216 1028 1276 1075 nou

100 1099 251 1182 continet;
272 1122 349 1186 quae
369 1107 498 1186 quidem,
520 1115 554 1171 ut
574 1109 629 1171 rite
650 1109 779 1171 advertit
799 1106 985 1190 Heineccius,
1007 1110 1105 1173 locum
1125 1110 1279 1186 baberent,

99 1204 224 1268 etiamsi
238 1207 325 1267 bomo
340 1206 422 1268 solus
436 1213 467 1268 et
486 1212 571 1269 extra
591 1221 707 1269 omnem
729 1207 901 1271 societatem
923 1208 1084 1269 humanam
1104 1210 1196 1276 vitam
1210 1223 1282 1286 age·

100 1310 150 1365 ret
165 1302 218 1382 (l).
232 1301 295 1368 Nec
310 1317 379 1365 vcro
390 1303 474 1384 illud,
490 1304 568 1382 quod
582 1304 633 1367 bic
647 1312 751 1367 auctor
770 1305 934 1383 substituit,
949 1306 1133 1382 probandum
1149 1306 1278 1369 videtur:

101 1418 195 1465 amor
208 1417 312 1480 nempe
326 1398 378 1482 (2),
392 1418 481 1480 quem
502 1401 606 1465 deinde
626 1402 733 1480 triplex
754 1403 903 1466 obiectum
918 1409 1053 1480 spectare
1068 1404 1150 1477 dicit,
1163 1397 1282 1480 Deum,

102 1496 368 1577 postponendos
382 1498 520 1583 immines
535 1497 586 1579 (3).
595 1497 672 1562 Nam
683 1515 766 1563 amor
776 1500 950 1579 generatim,
960 1500 1022 1563 sine
1036 1502 1280 1565 determinatione

104 1598 227 1671 obiecti,
241 1612 293 1675 per
307 1614 337 1659 se
357 1598 432 1659 nibil
452 1597 534 1673 dicit,
547 1608 577 1661 et
597 1598 710 1677 aliquid
730 1598 927 1662 subiectivum
947 1607 1002 1675 est,
1018 1614 1075 1662 non
1088 1600 1279 1662 obiectivum.

103 1692 229 1773 Triplex
250 1702 349 1758 autem
373 1695 424 1758 illa
444 1696 552 1759 obiecti
575 1696 781 1759 determinatio
805 1696 990 1775 simplicitati
1014 1703 1108 1775 nocet,
1130 1712 1220 1774 quam
1247 1705 1279 1760 ut

3 1828 5 1847 2
103 1792 180 1865 dixi,
194 1793 323 1869 primum
344 1791 418 1871 legis
440 1794 616 1872 principium
638 1794 696 1856 sibi
718 1794 859 1858 vindicat.

145 1888 253 1961 Quoad
274 1890 450 1954 recentiores
470 1892 613 1971 vernoni
635 1892 856 1955 commemorati
870 1899 949 1969 sunt,
965 1900 998 1954 ut
1015 1891 1152 1954 omittam
1168 1889 1281 1955 Ficbtii

105 1988 334 2062 absurditatem,
348 1998 423 2067 quae
437 1990 611 2053 refutatione
631 2005 687 2053 non
708 2000 775 2069 eget
797 1990 953 2069 (siquidem
974 1990 1003 2051 in
1019 1991 1205 2067 pantbeismo
1218 1991 1285 2052 lun·

105 2088 208 2162 datur,
230 2093 260 2149 et
280 2102 336 2149 non
357 2087 437 2149 aliud
462 2088 603 2165 exprimit
627 2088 684 2151 nisi
710 2088 915 2166 turpissimum
936 2088 1110 2167 egoismum,
1131 2089 1169 2150 ad
1194 2104 1284 2166 quem

3 2244 4 2247 ,
104 2184 229 2250 taudem
250 2184 449 2247 rationalistae
465 2186 653 2264 .deveuiunt);
669 2193 748 2249 certe
762 2183 867 2249 Kantii
889 2186 1021 2259 effatum,
1035 2186 1062 2246 si
1083 2184 1218 2247 absolute
1234 2201 1285 2246 su·

106 2290 221 2355 matur,
241 2281 272 2345 in
293 2282 429 2345 omnibus
450 2284 555 2347 officiis
575 2283 673 2347 locum
694 2284 803 2345 babere
823 2299 880 2346 non
905 2290 1012 2359 posset.
1035 2279 1110 2345 Cum
1131 2281 1209 2343 enim
1231 2296 1284 2358 pro

106 2382 254 2443 varietate
267 2379 484 2454 adiuncturum,
497 2382 606 2459 quibus
621 2380 728 2460 singuli
749 2382 884 2444 bomines
904 2381 1083 2453 afficiuntur,
1097 2378 1225 2441 diversis
1241 2386 1286 2441 te-

106 2484 238 2542 neantur
250 2478 373 2552 officiis3
388 2494 444 2541 non
459 2494 575 2557 semper
595 2480 635 2553 ld,
649 2479 727 2557 quud
749 2479 799 2541 uni
819 2478 964 2551 convenit,
978 2478 1115 2541 omnibus
1137 2478 1283 2540 convenit.

107 2572 210 2650 Quare
232 2576 380 2653 putandus
394 2583 441 2639 cst
454 2573 536 2639 Kant
549 2577 726 2655 principium
747 2577 820 2638 illud
841 2575 1020 2638 intellexisse
1033 2576 1090 2636 sub
1109 2575 1286 2647 conditione,

106 2673 200 2753 quasi
214 2672 338 2735 diceret:
354 2670 402 2736 Sic
417 2690 499 2752 agas,
513 2681 547 2735 ut
567 2674 614 2737 lex
636 2681 703 2736 tuae
725 2673 884 2736 voluntatis
903 2672 1005 2734 baberi
1026 2672 1121 2749 possit
1136 2679 1169 2733 ut
1182 2688 1285 2734 norma

110 2787 164 2851 pro
187 2770 313 2849 singulis
327 2772 506 2845 bominibus,
521 2772 547 2834 si
568 2773 598 2833 in
612 2772 714 2833 iisdem
734 2769 975 2847 circumstantiis,
991 2778 1155 2832 versentur.
1171 2768 1229 2833 Sed
1252 2785 1286 2832 ne

109 2870 155 2933 sic
178 2869 298 2948 quidem
319 2869 440 2932 ellatum
462 2868 535 2931 illud
555 2868 716 2931 existimari
739 2873 835 2946 potest
856 2868 984 2944 primum
1005 2867 1034 2928 in
1055 2868 1197 2930 muribus.
1219 2865 1286 2930 Non

108 2968 193 3032 enim
213 2966 361 3045 exprimit,
382 2968 459 3045 pund
480 2967 625 3030 actionem
646 2968 798 3029 bonestarn
820 2965 985 3040 constituit;
1009 2965 1062 3027 sed
1084 2966 1182 3042 potius
1203 2966 1282 3043 quod

109 3082 147 3129 cx
170 3065 236 3128 eius
257 3065 410 3149 honestate
431 3066 627 3141 consequitur.
642 3061 708 3126 Non
729 3064 807 3125 enim
827 3063 895 3141 quia
917 3063 1024 3141 cuique
1044 3064 1190 3142 convenit,
1205 3063 1283 3125 actio

110 3166 239 3227 bonesta
260 3170 319 3237 est;
344 3164 397 3225 scd
418 3170 519 3226 contra
539 3162 609 3240 quia
630 3164 751 3225 bonesta
773 3168 828 3238 cst,
849 3162 956 3239 cuique
984 3161 1128 3223 convenit.
1151 3158 1288 3223 Remotio

111 3268 214 3325 autem
236 3266 387 3337 respectus
400 3261 544 3339 empirici,
560 3275 649 3339 quam
664 3258 797 3337 requirit,
811 3257 946 3320 delirium
960 3265 1006 3321 est
1023 3258 1287 3333 rationalistarum,

111 3360 167 3438 qui
188 3360 397 3437 experientiam
419 3358 561 3420 removeri
576 3358 678 3421 volunt
698 3363 727 3420 ct
739 3348 848 3419 'cuncta
869 3356 907 3417 ad
928 3355 1022 3417 solam
1044 3356 1187 3417 rationem
1206 3366 1288 3415 revo-

22 3518 26 3535 ,
114 3456 190 3519 carl.
204 3454 388 3533 Quapropter
405 3452 596 3517 Stoicismum
616 3454 768 3527 inducunt,
790 3452 895 3515 rationi
916 3452 1077 3514 dissonum.
1100 3450 1189 3513 Ratio
1209 3450 1287 3512 enirn

115 3568 177 3615 non
191 3552 281 3629 posuit
297 3560 331 3615 ut
344 3568 495 3631 nunquam
509 3554 539 3613 in
553 3552 700 3631 operando
711 3558 864 3629 respectus
875 3550 1020 3613 habeatnr
1031 3549 1219 3612 emolumenti
1234 3553 1287 3607 aut

113 3650 300 3725 detrimenti3
315 3666 403 3715 secus
424 3665 577 3729 perperam
598 3648 689 3725 Deus,
708 3648 847 3727 praemiis
869 3647 1029 3726 poenisque
1052 3647 1221 3725 propositis,
1236 3660 1289 3705 nos

113 3750 154 3812 ad
179 3748 318 3812 virtutem
339 3748 471 3812 alliceret
491 3756 521 3810 et
541 3756 654 3811 arceret
674 3764 691 3809 a
714 3748 793 3809 vitio.
815 3742 909 3809 Multo
930 3746 1028 3807 minus
1053 3743 1171 3821 probari
1193 3748 1289 3819 potest

115 3847 298 3926 principium
314 3844 541 3925 ,Cousinianum3
569 3845 647 3924 quod
674 3851 788 3930 tantum
818 3844 904 3906 abest
931 3848 963 3904 ut
994 3842 1120 3918 primum
1148 3840 1187 3901 sit
1215 3838 1290 3916 legis

114 3953 322 4023 pracceptum,
337 3952 369 4005 ut
390 3943 488 4021 potius
510 3943 710 4006 characterem
725 3931 845 4004 obiiciat
859 3942 916 4018 legi
937 3940 1104 4003 adversum.
1121 3934 1181 4000 Lex
1203 3936 1291 4009 enim,

162 4118 199 4179 (ll
218 4114 346 4175 Deiuria
361 4122 478 4163 naturae
495 4121 519 4161 et
534 4106 668 4175 parotium,
685 4111 701 4159 l.
719 4112 736 4170 Ι,
752 4126 772 4159 c.
788 4110 812 4167 3,
830 4118 843 4167 5
859 4108 896 4157 76.

110 4195 112 4198 ’
164 4194 201 4257 (2)
218 4194 314 4245 Ibidem
331 4200 345 4251 s
360 4193 398 4243 79.

164 4275 200 4339 (3)
217 4275 312 4324 Ibidem
330 4283 345 4333 5
360 4274 398 4325 90.
