3159 4934
296 320 351 378 326
618 337 661 379 rus
680 337 805 379 uarunun
823 354 833 364 -
852 336 920 379 rans
938 338 964 379 u.
983 338 1025 381 rus
1043 336 1151 379 socunn

337 446 419 512 Haec
432 451 543 515 veritas
556 451 586 512 in
602 465 739 528 praesens
753 467 770 513 a
784 450 899 514 nemine
914 450 1127 513 catholicorum
1143 450 1172 511 in
1188 448 1310 511 dubium
1332 445 1466 511 revocari

298 537 403 623 potest,
423 564 490 611 eum
513 548 663 611 universae
678 547 829 612 Ecclesiae
850 550 991 628 suffragio
1006 550 1130 623 nitatnr3
1153 564 1171 610 a
1194 557 1274 610 recta
1296 547 1377 607 enim
1392 542 1466 608 Fide

296 644 422 707 alienum
443 654 490 709 est
509 662 642 709 asserere
663 649 830 710 universam
852 644 1016 710 Ecclesiam
1039 649 1068 708 in
1090 661 1122 708 re
1144 654 1205 707 tam
1226 645 1320 723 gravi,
1344 652 1464 706 etcum

296 744 429 807 moribus
448 754 529 808 arcte
550 761 693 819 connexa,
712 759 813 808 errare
834 745 973 821 potuisse.
987 744 1100 809 Bonum
1124 746 1178 807 erit
1200 746 1289 807 verba
1312 750 1376 803 tum
1392 739 1465 803 Pon-

297 842 395 921 tificis,
418 850 479 906 tum
511 842 690 921 reliquorum
711 841 926 922 Episcoporum
959 844 1073 906 afferre.
1096 841 1141 907 En
1173 842 1260 905 verba
1291 837 1465 903 Pontificis:

297 963 315 999 e
329 938 404 1003 Cum
426 942 569 1003 catholica
591 940 734 1015 Ecclesia,
749 958 765 1003 a
782 940 903 1005 Christo
923 940 1047 1005 Domino
1068 942 1189 1003 tundata
1212 948 1242 1001 et
1262 939 1413 1011 instituta,
1428 938 1465 998 ad
1532 958 1537 975 ·

296 1039 504 1118 sempiternam
520 1040 670 1101 bominum
686 1040 810 1102 salntem
825 1040 996 1113 curandam,
1013 1040 1157 1117 perfectae
1172 1037 1323 1101 societatis
1341 1037 1465 1099 iormam

295 1138 324 1200 vi
338 1136 456 1199 divinae
469 1150 541 1197 suae
554 1137 748 1204 institutionis
769 1138 941 1211 obtinuerit;
955 1154 988 1200 ea
1005 1138 1125 1214 proinde
1139 1136 1273 1199 libertate
1290 1134 1402 1211 pollere
1416 1131 1467 1195 de·

297 1235 355 1307 bct,
371 1241 403 1296 ut
424 1234 454 1294 iu
468 1249 554 1297 sacro
569 1251 622 1297 sno
637 1235 797 1298 ministerio
812 1236 946 1299 obeundo
960 1236 1031 1297 nulli
1052 1234 1132 1299 civili
1148 1236 1284 1311 potestati
1301 1230 1467 1294 subiaceat.

295 1330 334 1394 Et
354 1333 491 1411 quoniam
512 1334 549 1394 ad
571 1333 672 1407 libere,
692 1342 725 1395 ut
747 1349 800 1410 par
820 1343 876 1410 est,
892 1334 1047 1413 agendum,
1065 1334 1102 1395 iis
1122 1332 1273 1409 indigebat
1295 1328 1468 1408 praesidiis,

294 1446 372 1509 quae
386 1438 550 1509 temporum
565 1432 722 1494 conditioni
737 1448 772 1494 ac
785 1432 953 1495 necessitati
968 1438 1175 1509 congruerent;
1189 1430 1300 1491 idcirco
1320 1426 1466 1504 singulari

296 1543 418 1605 prorsus
439 1530 554 1592 divinae
575 1529 775 1607 providentiae
796 1530 917 1593 consilio
937 1531 1046 1591 iactum
1068 1537 1125 1601 est,
1146 1536 1178 1589 ut
1204 1542 1272 1589 cum
1295 1524 1466 1589 Romanum

295 1627 406 1690 corruit
426 1626 584 1704 Imperium
598 1634 629 1689 et
650 1629 679 1690 in
701 1628 783 1705 plura
806 1628 862 1690 luit
883 1643 971 1705 regna
994 1628 1132 1699 divisum,
1147 1624 1298 1689 Romanus
1318 1621 1465 1695 Pontifex,

295 1722 535 1802 quemchristus
556 1725 646 1787 tutius
659 1723 812 1787 Ecclesiae
832 1741 903 1787 suae
917 1733 1007 1803 capnt
1029 1733 1220 1801 centrumque
1241 1721 1408 1793 constituit,
1422 1722 1465 1782 ci-

295 1821 382 1885 vilem
403 1830 609 1901 assequeretur
629 1824 837 1902 principatum.
859 1820 922 1895 Ouo
945 1838 1014 1885 sane
1035 1839 1051 1884 a
1073 1820 1135 1885 Deo
1155 1822 1222 1897 ipso
1243 1818 1465 1897 sapientissime

295 1918 459 1982 consultum
473 1928 529 1992 est,
544 1927 577 1981 ut
597 1920 626 1981 in
642 1927 721 1981 tanta
745 1920 949 1997 temporalium
965 1918 1134 1997 Principum
1157 1917 1348 1981 multitudine
1362 1932 1396 1979 ac
1410 1931 1463 1989 va·

296 2014 401 2077 rietate
412 2013 552 2078 Summus
563 2013 696 2079 Pontifex
710 2016 760 2079 illa
774 2017 920 2080 frueretur
935 2018 1053 2096 politica
1065 2018 1210 2089 libertato,
1221 2032 1298 2094 quae
1314 2022 1460 2091 tantopere

294 2113 459 2175 necessaria
479 2114 575 2176 estad
598 2114 780 2191 spiritualem
804 2131 887 2177 suam
911 2122 1094 2193 potestatem,
1108 2115 1316 2178 auctoritatem
1331 2120 1358 2175 ct
1370 2110 1463 2171 inris-

295 2209 451 2273 dictionem
475 2219 535 2274 toto
548 2212 620 2274 orbe
639 2213 753 2291 absque
773 2212 834 2273 ullo
855 2212 1062 2290 impedimento
1083 2210 1286 2275 exercendam.
1303 2210 1401 2287 Atque
1420 2208 1465 2269 ita

295 2308 380 2390 plane
391 2307 514 2371 decebat
528 2324 563 2371 ne
578 2309 722 2373 catholico
733 2309 797 2373 orbi
813 2310 871 2372 ulla
886 2310 1012 2373 oriretur
1027 2311 1143 2373 occasio
1157 2308 1322 2381 dubitandi,
1334 2305 1465 2385 impulsu

293 2407 418 2470 fortasse
432 2406 565 2469 civilium
581 2415 760 2485 potestatum
775 2407 821 2469 vel
836 2408 962 2486 partium
979 2408 1078 2470 studio
1090 2406 1159 2470 duci
1173 2407 1351 2485 quandoque
1368 2419 1466 2483 posse,

294 2504 325 2566 in
339 2504 496 2567 universali
517 2506 722 2582 procuratione
737 2504 874 2585 gerenda,
890 2502 994 2569 Sedcm
1009 2505 1099 2580 illam,
1115 2505 1256 2583 adquam
1272 2504 1401 2581 propter
1412 2518 1469 2580 po-

296 2601 404 2663 tiorem
418 2600 690 2680 principalitatem
703 2620 826 2665 neccsse
838 2606 886 2665 esi
899 2621 1017 2665 omnem
1030 2600 1207 2673 Ecclesiam
1222 2601 1396 2664 convenire.
1408 2597 1466 2663 Fa·

294 2697 350 2759 cile
377 2707 474 2760 antem
496 2698 667 2777 intelligitur
691 2700 937 2777 quemadmodum
959 2702 1103 2765 eiusmodi
1132 2700 1282 2763 Romanae
1307 2694 1463 2761 Ecclesiae

295 2790 491 2873 Principatns,
511 2794 581 2858 licet
601 2805 705 2874 suapte
726 2804 830 2859 natura
853 2798 1042 2876 temporalem
1063 2815 1125 2862 rem
1144 2804 1250 2877 sapiat,
1273 2796 1463 2875 spiritualem

295 2899 393 2953 tamen
415 2893 516 2976 induat
536 2894 662 2957 indolem
677 2896 706 2956 vi
727 2911 839 2975 sacrae,
854 2912 941 2975 quam
964 2897 1062 2969 habet,
1077 2896 1289 2968 destinationis,
1306 2903 1336 2957 et
1358 2893 1462 2957 arctis·

295 2988 363 3051 simi
385 2989 464 3051 illius
479 2992 597 3066 vinculi,
611 3008 669 3070 quo
684 3009 751 3056 cum
773 2993 910 3057 maximis
931 2994 985 3059 Rei
1008 2992 1193 3058 Christianae
1208 2994 1377 3057 rationibus
1398 3008 1464 3055 con·

295 3086 427 3165 iungitur
442 3085 493 3165 (1).
508 3109 526 3143 s
1298 3102 1301 3107 ·

334 3184 473 3265 Episcopi
488 3195 585 3248 autem
602 3188 645 3249 sic
659 3188 833 3265 loquuntur:
848 3210 866 3247 e
881 3187 1003 3251 Civilem
1019 3188 1143 3253 Sanctae
1158 3187 1242 3251 Sedis
1257 3187 1458 3265 principatum

294 3300 348 3349 een
369 3284 509 3363 quiddam
537 3287 735 3349 necessarium
760 3303 795 3349 ac
824 3287 974 3349 manifeste
1002 3288 1171 3365 providente
1199 3285 1260 3350 Deo
1290 3286 1463 3347 institutum

294 3382 502 3461 agnoscimus3
516 3396 570 3444 nec
584 3382 733 3466 declarare
746 3385 929 3458 dubitamus,
943 3384 972 3447 in
987 3386 1133 3463 praesenti
1149 3400 1248 3447 rernm
1262 3384 1466 3446 humanarum

294 3487 385 3553 statu,
398 3478 495 3557 ipsum
518 3480 596 3541 hunc
618 3477 814 3558 principatum
830 3481 946 3547 civilem
968 3498 1021 3559 pro
1044 3484 1117 3545 bono
1138 3498 1173 3545 ac
1194 3482 1286 3544 libero
1308 3479 1465 3547 Ecclesiae

294 3578 517 3654 animarumque
531 3577 672 3655 regimine
686 3578 802 3641 omnino
817 3581 935 3658 requiri.
948 3576 1110 3657 Oportebat
1125 3596 1195 3643 sane
1212 3582 1302 3641 totius
1313 3577 1464 3643 Ecclesiae

294 3672 402 3751 Caput,
424 3672 589 3737 Romanum
618 3672 801 3749 Pontificem,
820 3677 893 3739 nulli
921 3675 1050 3755 Principi
1079 3692 1145 3740 esse
1174 3680 1351 3758 subiectum,
1374 3680 1467 3741 immo

294 3770 406 3832 nullius
426 3771 584 3848 hospitem
600 3773 650 3834 sed
672 3774 701 3834 in
723 3776 841 3851 proprio
863 3768 1046 3838 dominicae
1069 3792 1157 3853 reguo
1178 3776 1337 3854 sedentem,
1354 3778 1465 3839 suimet

295 3867 369 3929 iuris
391 3883 467 3942 esse,
481 3875 511 3931 et
525 3870 554 3931 in
569 3870 669 3945 nobili,
684 3872 853 3950 tranquilla,
867 3880 897 3935 et
916 3873 996 3935 alma
1016 3873 1161 3951 libertate,
1176 3874 1354 3938 catholicam
1375 3876 1463 3938 tidem

343 4106 376 4166 (l)
395 4110 440 4161 SS.
450 4112 550 4162 Domini
566 4115 653 4164 Nostri
668 4117 706 4165 Pii
724 4118 807 4167 divina
824 4118 989 4167 Providentia
1007 4119 1093 4183 Papae
1109 4120 1152 4179 lX,
1169 4120 1280 4170 Litterae
1292 4122 1465 4185 Apostolioae,

292 4184 386 4247 quibus
401 4189 504 4240 maioris
520 4196 788 4246 excommunicationis
806 4212 889 4261 poena
905 4198 1027 4263 infligitur
1042 4200 1203 4250 invasoribus
1222 4207 1248 4250 et
1264 4204 1462 4267 usurpatoribus

290 4261 393 4326 aliquot
409 4268 594 4328 provinciarum
609 4274 753 4336 pontificiae
769 4276 880 4327 ditionis.
