3159 4934
336 325 372 381 ot
854 335 993 378 crunon

337 453 429 516 alium
451 451 644 524 tendentibus,
666 459 699 514 ut
719 461 765 512 est
785 449 949 511 liberalitas
969 457 998 511 et
1018 449 1203 522 consimiles3
1229 464 1296 510 nam
1326 449 1441 515 iustitia
1460 458 1502 512 est

241 585 242 588 =
337 550 368 612 in
389 551 510 613 alterius
531 549 648 613 bonum.
664 547 797 612 lamvcro
811 547 950 611 Charitas
964 552 1008 610 est
1029 548 1124 610 virtus
1145 547 1308 626 theologica
1322 554 1353 610 ct
1369 563 1502 624 superna·

337 649 450 722 turalis,
460 656 490 710 et
504 648 542 710 ad
556 647 740 711 dilectionem
756 645 1009 724 supernaturalem
1025 646 1194 723 requiritur.
1209 643 1301 708 Prout
1315 651 1414 707 autern
1429 645 1504 708 Deus

336 747 541 812 consideratur
556 754 589 807 ut
604 745 726 806 ultimus
742 745 808 806 linis
823 743 952 806 hominis
966 745 1043 805 intra
1059 736 1181 805 naturae
1196 744 1343 821 terminos,
1355 744 1501 820 respondet

336 844 463 908 naturali
484 843 630 906 desiderio
652 843 824 916 voluntatis,
839 841 878 903 ad
892 843 971 920 quod
986 841 1120 904 voluutas
1134 857 1189 904 nou
1208 849 1274 918 eget
1287 841 1403 903 babitu.
1420 839 1504 921 Ergo,

335 943 477 1022 inspectis
491 948 606 1004 tantum
623 940 783 1002 virtutibus
797 939 969 1012 moralibus,
984 938 1046 1002 sola
1061 937 1176 1001 iustitia
1191 946 1328 1016 respectu
1349 939 1502 1002 voluntatis

336 1047 472 1120 superest
494 1039 671 1104 recensenda
686 1037 737 1118 (l).

730 1311 877 1392 (theou
909 1313 1118 1388 TERTIUM

654 1507 694 1556 nb
710 1509 814 1560 nocui
832 1504 1030 1558 OPERATIONIS
1045 1506 1190 1556 nonnulle

374 1706 423 1772 87,
440 1707 659 1792 ingomerum
682 1711 712 1773 el
729 1702 860 1792 partilio.
876 1705 983 1770 Restat
998 1715 1030 1769 ut
1043 1707 1080 1768 de
1095 1706 1223 1768 naturali
1238 1722 1341 1769 norma
1359 1709 1501 1772 actionum

333 1808 553 1886 dirigendarum
568 1806 759 1880 disseramus,
774 1821 811 1868 ex
826 1821 885 1883 qua
899 1804 1045 1882 completa
1063 1804 1206 1884 obligatio
1226 1808 1398 1869 earumdem
1420 1823 1505 1870 emer·

334 1909 386 1984 git.
408 1903 490 1968 Haec
511 1913 609 1966 autem
631 1903 747 1981 proprie
768 1904 798 1965 in
819 1905 884 1982 lege
903 1903 960 1965 sita
981 1910 1037 1965 est.
1058 1900 1123 1965 Etsi
1149 1903 1227 1965 enim
1254 1904 1378 1966 rationis
1401 1906 1502 1968 iudicia

334 2012 480 2081 quatenns
502 2004 655 2065 honestum
670 2017 687 2063 a
703 2001 782 2078 turpi
798 2001 978 2074 discernunt,
992 2001 1049 2064 hoc
1063 2001 1130 2077 ipso
1143 2000 1276 2078 regulam
1297 2001 1429 2080 aliquam
1444 2018 1505 2080 ope·

335 2100 418 2164 randi
430 2108 460 2162 et
471 2101 675 2179 obligationem
688 2099 848 2177 improprie
860 2099 971 2161 dictam
984 2098 1171 2176 suppeditent
1182 2099 1341 2177 (siquidem
1355 2116 1405 2162 res
1419 2100 1505 2163 omnis

333 2199 549 2279 quodammodo
565 2198 622 2260 sibi
635 2197 721 2260 debet
742 2204 776 2259 ut
796 2197 871 2258 nihil
891 2195 1011 2268 efficiat,
1026 2196 1105 2273 quod
1127 2196 1264 2273 propriae
1286 2204 1411 2260 naturae
1425 2213 1505 2275 repu-

334 2297 431 2378 gnat);
453 2296 642 2360 nihilominus
673 2295 833 2373 perlectam
859 2309 991 2367 normam
1020 2301 1050 2355 et
1072 2295 1133 2355 veri
1154 2294 1279 2363 nominis
1301 2294 1503 2373 obligationem

332 2412 389 2458 non
412 2395 561 2472 exhibent,
582 2393 640 2455 nisi
660 2392 735 2470 legis
758 2392 875 2469 proprie
896 2391 993 2453 dictae
1014 2398 1150 2453 naturam
1171 2390 1302 2452 induant.
1331 2391 1366 2455 ld
1392 2393 1504 2471 quidem

332 2511 369 2558 ex
390 2495 436 2571 iis,
452 2509 528 2572 quae
549 2509 616 2556 mox
637 2490 778 2563 dicemus,
794 2489 956 2552 luculenter
977 2490 1144 2567 apparebit:
1167 2490 1219 2552 sed
1241 2490 1301 2552 iam
1321 2506 1404 2554 nunc
1418 2491 1506 2553 innui·

332 2608 411 2665 mus,
433 2599 466 2653 ut
487 2591 576 2653 buius
597 2589 737 2666 postremi
760 2587 867 2665 capitis
888 2593 1094 2665 argumentum
1115 2593 1238 2677 constet,
1259 2587 1339 2664 quod
1360 2595 1459 2651 totum
1478 2588 1503 2648 iu

226 2707 230 2716 ·
333 2690 398 2769 lege
411 2690 496 2768 cique
510 2687 633 2750 adnexis
648 2685 818 2750 notionibus
833 2685 1007 2777 versabitur.
1023 2683 1115 2748 Porro
1130 2685 1205 2747 baec
1227 2686 1275 2747 lex
1296 2701 1365 2746 cum
1380 2685 1413 2747 in
1429 2686 1504 2749 nobis

333 2804 350 2848 a
371 2793 478 2849 natura
499 2786 638 2859 dimanet,
653 2780 814 2846 naturalis
836 2782 1014 2846 nominatur.
1031 2779 1111 2853 Quae
1126 2797 1194 2845 vero
1208 2783 1304 2860 ipsam
1319 2783 1457 2859 attinent,
1471 2782 1505 2844 ad

333 2887 408 2948 baec
430 2884 526 2961 capita
549 2881 679 2945 revocari
702 2888 841 2958 possunt:
863 2879 884 2943 l.
901 2877 942 2944 Ut
962 2879 1026 2942 eius
1047 2880 1126 2942 notio
1140 2888 1169 2942 et
1188 2881 1358 2942 exsistentia
1380 2881 1510 2944 declare-

334 2991 397 3055 tur;
418 2977 457 3042 Il.
468 2978 514 3044 ,Ut
534 2989 599 3040 cem
622 2979 771 3040 sanctione
792 2977 890 3055 aliqua
907 2977 1036 3056 gaudere
1049 2977 1236 3050 ostendatur;
1258 2975 1307 3040 lll.
1324 2975 1364 3040 Ut
1378 2980 1447 3040 eius
1461 2995 1508 3039 nu·

334 3069 483 3140 merentur
498 3077 704 3154 proprietates;
721 3073 773 3138 lV.
790 3074 830 3140 Ut
844 3076 881 3138 ad
896 3075 1064 3138 absolutum
1080 3075 1199 3153 aliquod
1217 3084 1419 3152 praeceptum,
1435 3075 1507 3155 qnod

331 3183 497 3239 ceterorum
520 3173 609 3236 veluti
631 3172 914 3251 generalis'lormula
929 3173 979 3246 sit,
994 3173 1170 3247 reducatur,
1184 3170 1223 3236 V.
1240 3171 1280 3236 Ut
1294 3188 1395 3237 sermo
1409 3177 1463 3236 liat
1477 3174 1509 3235 de

333 3273 464 3336 eiusdem
486 3271 681 3350 applicatione
707 3271 744 3332 ad
769 3286 857 3333 casus
882 3271 1056 3349 peculiares,
1076 3286 1153 3348 qnae
1179 3270 1300 3332 moralis
1331 3271 1509 3336 conscientia

332 3377 528 3450 nuncupatur.
543 3367 688 3444 Quocirca
711 3368 841 3447 quinque
861 3368 996 3431 articulis
1016 3375 1108 3445 caput
1122 3369 1178 3431 hoc
1200 3370 1473 3446 comprehenditur.

813 3599 981 3662 damnosus
1003 3597 1025 3662 l.

537 3731 586 3796 Dc
606 3735 751 3810 concepto
772 3735 803 3794 et
823 3729 1008 3794 exsistentia
1028 3729 1106 3811 lepis
1126 3731 1302 3798 naturalis.

375 3889 422 3955 88.
445 3890 519 3973 Quid
540 3891 614 3959 lex.
634 3890 729 3970 Leges
750 3893 911 3970 generatim
934 3905 951 3954 a
972 3889 1173 3969 Montesquieu
1194 3893 1376 3955 deliniuntur
1397 3895 1454 3968 ita,
1476 3901 1508 3954 nt

333 3988 393 4050 sint
413 3992 594 4054 necessariae
616 3990 782 4063 relationes,
804 4004 880 4067 quae
893 4005 929 4052 ex
945 4004 1043 4050 rerum
1065 3999 1170 4052 natura
1191 3991 1343 4075 dimanant
1358 3989 1412 4070 (ἢ).
1431 3991 1508 4055 Hinc

330 4086 382 4148 ille
403 4086 440 4147 ad
459 4087 552 4166 legem
574 4089 714 4152 moralem
736 4087 865 4150 hominis
894 4087 1049 4150 deveniens
1069 4103 1133 4150 eam
1160 4103 1300 4165 reponere
1329 4089 1450 4153 videtur
1478 4088 1506 4150 in

380 4251 415 4311 (l)
430 4250 495 4298 Vide
515 4251 559 4313 Qq.
573 4253 644 4314 Disp.
657 4253 779 4311 Quaestio
796 4254 836 4301 De
851 4253 999 4301 virtutihus
1015 4253 1045 4302 in
1062 4255 1211 4310 communi,
1224 4269 1247 4305 a.
1259 4255 1282 4304 5.

379 4330 414 4393 (2)
430 4331 470 4378 Dc
487 4330 600 4393 l'h'sprr't
614 4333 657 4380 oles
675 4333 734 4386 lois,
752 4331 766 4380 l.
783 4331 807 4390 l,
823 4345 845 4381 c.
865 4331 886 4380 l.
