3159 4934
467 303 552 348 carus
570 305 588 347 1.
605 303 640 346 ne
658 303 800 348 sociamur
818 304 960 349 noarsrtca
1246 290 1299 347 195

72 477 79 482 .
121 418 239 482 idcirco
259 417 374 492 colitur,
399 425 432 480 ut
452 418 623 496 nuptiarum
644 432 731 481 onera
756 417 906 496 fugiantur
933 425 963 481 et
989 417 1112 482 liberius
1140 421 1297 500 cupiditati

121 517 226 579 fraena
247 514 391 578 laxentur.
412 513 457 580 Eo
476 516 550 578 nihil
573 516 703 581 deterius
724 524 770 580 est
793 524 844 579 aut
871 517 1085 581 detestabilius.
1107 516 1197 582 Vires
1217 521 1296 584 enim

50 637 55 644 ·
85 662 90 671 ,
125 613 219 675 animi
243 619 274 676 ct
294 612 425 691 corporis
453 622 580 692 enervat,
606 623 728 678 naturae
756 615 888 678 ordinem
916 615 1097 693 pessumdat,
1122 617 1160 679 ad
1181 634 1296 682 omnem

34 767 54 787 ,,
123 697 278 773 licentiam
299 716 329 772 et
350 710 488 775 vitiorum
509 727 630 776 coenum
652 714 809 792 pertrahit,
829 713 1008 787 familiarum
1030 730 1132 792 pacem
1152 715 1298 790 dissolvit,

33 865 76 884 „„
125 805 244 885 ipsique
259 809 463 886 propagationi
476 808 629 872 hominum
644 811 828 874 adversatur,
840 808 937 885 Quare
948 827 1004 874 non
1018 812 1104 876 modo
1114 814 1297 878 execrandus

39 898 61 961 ᾂ-
86 965 100 986 f
123 911 188 977 est,
208 905 257 968 sed
278 905 367 968 etiam
389 908 466 970 omni
488 916 595 972 conatu
616 910 653 972 ab
674 909 826 973 bominum
848 909 990 973 societate
1010 911 1212 989 extirpandus.

62 1073 87 1084 ..
172 999 236 1066 Huc
254 1004 346 1084 igitur
366 1005 497 1080 excluso,
517 1007 553 1070 de
574 1006 718 1070 caelibatu
738 1007 897 1086 loquimur,
917 1008 968 1086 qui
985 1009 1105 1071 virtutis
1119 1024 1219 1072 amore
1233 1025 1296 1073 scr-

131 1108 227 1175 vatur,
242 1108 274 1164 ut
294 1118 397 1181 nempe
418 1104 507 1168 bomo
528 1120 560 1168 sc
580 1105 679 1168 divino
699 1105 793 1169 cultui
807 1106 924 1184 penitus
944 1106 1073 1181 addicat,
1086 1113 1117 1170 et
1139 1107 1223 1171 bonis
1238 1106 1299 1185 spi-

80 1234 92 1244 ·
128 1199 288 1262 ritualibus
302 1201 388 1264 unice
402 1202 612 1266 consectandis.
626 1202 674 1266 Sic
686 1212 826 1282 acceptus
840 1202 1003 1268 caelibatus
1017 1220 1073 1266 non
1088 1204 1183 1268 solum
1196 1204 1297 1268 licitus

123 1305 228 1376 estet
248 1301 399 1378 honestus,
423 1301 475 1364 scd
496 1302 585 1364 etiam
607 1316 677 1379 prae
697 1302 883 1365 matrimonio
904 1301 1162 1382 commendandus.
1184 1299 1299 1366 Licitus

130 1397 262 1474 profecto
283 1404 345 1474 est;
360 1398 506 1477 siquidem
527 1398 607 1460 nulla
629 1398 769 1478 obligatio
784 1399 911 1461 nubendi
932 1414 1109 1477 quemquam
1130 1387 1300 1478 adstringit,

77 1495 82 1507 '
129 1496 306 1572 praesertim
329 1511 433 1576 genere
454 1495 584 1558 humano
605 1497 679 1558 satis
700 1503 871 1575 propagato.
892 1494 933 1559 itt
953 1497 1021 1560 iicet
1048 1498 1218 1576 coniugium
1243 1507 1298 1559 una

126 1610 201 1656 cum
222 1594 360 1658 oneribus
381 1593 534 1658 commoda
548 1593 636 1657 ctiam
652 1594 802 1672 complura
821 1595 940 1668 afferam
957 1595 1003 1657 his
1023 1603 1120 1657 tamen
1136 1594 1299 1658 valedicere

68 1733 71 1740 -
129 1693 220 1756 homo
235 1699 341 1772 potest,
358 1709 424 1757 cum
442 1691 473 1754 in
488 1693 544 1754 hoc
558 1691 695 1754 iniuriam
709 1691 818 1754 nemini
832 1692 930 1766 faciat,
946 1693 999 1755 scd
1014 1692 1097 1755 unice
1112 1700 1212 1756 utatur
1233 1692 1297 1756 iure

129 1807 190 1855 suo
210 1808 244 1856 uc
264 1793 401 1856 libertate
423 1792 502 1856 circa
518 1792 650 1870 privatae
671 1807 742 1854 suae
764 1792 841 1855 vitae
862 1791 1092 1870 dispositionem.
1108 1790 1194 1867 Quod
1214 1793 1240 1856 si
1262 1794 1301 1856 ad

127 1907 264 1970 causam,
285 1907 361 1969 quae
382 1891 421 1953 ad
449 1890 595 1954 eiusmodi
624 1889 801 1953 caelibatum
831 1890 964 1968 impellit,
985 1891 1100 1953 animus
1128 1891 1301 1967 advertitur,

129 1991 227 2058 mutto
248 1991 428 2054 luculentius
443 1991 566 2064 veritas,
580 2003 669 2068 quam
685 1996 813 2064 tuemur,
828 1988 962 2051 clarebit.
978 1986 1060 2052 Haec
1074 1989 1152 2052 enim
1167 2006 1257 2053 causa
1273 1990 1302 2052 iu

128 2091 243 2153 virtute
264 2090 360 2167 posita
382 2094 437 2161 est,
459 2087 507 2150 cui
529 2094 563 2149 ut
583 2087 669 2149 unice
696 2101 727 2148 se
751 2087 841 2150 homo
868 2087 967 2161 dedat,
987 2103 1004 2150 a
1026 2086 1137 2165 nuptiis
1164 2087 1302 2150 abstinet.

130 2185 208 2262 Quis
229 2203 299 2251 vero
320 2188 376 2250 erit
396 2187 469 2249 adeo
488 2187 604 2266 chrons,
620 2191 652 2246 ut
673 2185 784 2248 homini
807 2185 976 2248 facultatem
997 2191 1083 2264 neget
1104 2191 1302 2263 sequentum

130 2286 226 2363 cupit,
242 2283 410 2364 perficiendi
425 2291 454 2346 et
469 2283 498 2346 iu
514 2283 575 2346 sula
590 2282 699 2346 virtute
715 2282 871 2347 excolenda
893 2284 1082 2362 augendaque
1101 2299 1220 2362 operam
1242 2282 1302 2345 coi-

131 2383 272 2446 incanuit
286 2379 350 2446 Nec
372 2397 440 2444 vero
462 2381 706 2460 qualemcumque
728 2381 933 2459 perfectionem
955 2380 1005 2444 hic
1025 2389 1121 2444 status
1142 2381 1237 2454 affert,
1251 2380 1302 2442 sed

132 2481 223 2544 talem
254 2487 287 2542 ut
314 2478 502 2542 excellentior
526 2465 606 2542 nuil'a
634 2479 795 2558 excogitari
823 2479 926 2557 possit.
948 2477 990 2542 Ea
1019 2478 1096 2540 enim
1124 2479 1222 2551 homo,
1247 2477 1303 2540 etsi

128 2594 258 2656 corpore
279 2578 435 2651 coalescat,
458 2577 577 2655 perinde
606 2591 637 2639 se
664 2578 749 2655 gerit,
769 2577 855 2655 quasi
884 2574 946 2640 solo
966 2583 1115 2639 constaret
1139 2574 1246 2653 spiritu
1267 2590 1303 2638 ac

61 2719 67 2728 ·
130 2683 288 2755 separatas
317 2674 526 2754 intelligentias
554 2675 769 2752 aequipararet.
791 2671 894 2751 Neque
919 2673 949 2735 id
970 2673 1145 2736 necessitate
1171 2680 1304 2747 naturae,

131 2775 188 2837 sed
211 2773 371 2837 voluntatis
392 2772 528 2852 imperim
544 2786 612 2850 quo,
626 2787 765 2833 sensuum
786 2770 1056 2848 perturbationibus
1076 2769 1217 2846 subactis,
1235 2786 1304 2848 pars

130 2871 254 2936 sensilis
276 2888 293 2934 a
315 2869 448 2934 rationali
469 2869 684 2958 quodammodo
698 2869 900 2932 absorbeatur.
916 2866 1012 2941 Quare
1028 2868 1064 2948 is,
1078 2868 1130 2947 qui
1146 2867 1204 2932 hoc
1218 2868 1305 2931 modo

129 2980 182 3036 est
203 2969 331 3050 caelebs,
352 2969 416 3032 iure
438 2969 601 3045 meritoque
621 2969 781 3030 humanam
802 2966 997 3030 conditionem
1026 2966 1165 3029 excedere
1186 2967 1304 3030 dicitur.

129 3069 231 3135 Tanto
245 3068 322 3131 enim
338 3067 442 3132 robore
455 3083 487 3130 se
501 3067 691 3129 obfirmatum
712 3063 852 3138 ostendit,
866 3071 900 3126 ut
914 3064 971 3127 sibi
985 3063 1068 3142 plene
1083 3065 1222 3138 sufficiat,
1234 3063 1305 3141 quin

133 3168 274 3233 muliebri
295 3166 404 3231 auxilio
425 3165 556 3239 loretum
571 3170 651 3227 tanta
673 3170 771 3225 autem
793 3163 899 3224 mentis
920 3161 1137 3240 affectuumque
1152 3160 1306 3224 altitudine

132 3283 227 3346 supra
240 3265 393 3345 vulgarem
409 3261 649 3327 consuetudinem
661 3261 805 3334 evehitur,
816 3268 849 3322 ut
860 3259 1020 3336 sapientiae
1034 3274 1207 3336 summoque
1221 3258 1307 3330 bono,

132 3364 282 3430 connubio
308 3362 399 3426 veluti
426 3359 556 3434 caelesti,
576 3357 777 3437 adhaerescat,
799 3373 834 3421 ac
859 3357 988 3421 familiae
1013 3372 1084 3419 cura
1108 3355 1249 3418 liberatus
1274 3369 1305 3416 se

136 3472 231 3527 totum
247 3461 284 3524 ad
300 3460 503 3525 exornandum
521 3457 650 3520 animum
672 3456 870 3535 virtutemque
890 3455 919 3518 in
942 3470 973 3518 se
993 3461 1082 3532 atque
1102 3452 1131 3514 in
1151 3451 1218 3513 aliis
1239 3464 1307 3527 pro·

136 3560 312 3624 movendam
333 3557 471 3637 applicet.

179 3656 263 3731 Quod
282 3672 352 3722 cum
374 3658 416 3718 ita
438 3654 487 3734 sit,
502 3652 610 3716 nemini
632 3652 739 3716 mirum
754 3651 847 3715 videri
862 3649 957 3725 debet,
972 3649 999 3712 si
1019 3647 1164 3712 eiusmodi
1182 3644 1309 3709 caeliba-

120 3747 204 3820 ‘tum
219 3770 336 3818 summa
350 3752 536 3817 veneratione
550 3766 663 3830 semper
683 3751 829 3828 sapientes
842 3763 942 3813 omncs
954 3745 1151 3822 suspexerim,
1166 3744 1308 3807 maxime-

133 3871 195 3935 que
216 3853 372 3916 laudarunt,
397 3850 481 3924 Quod
502 3848 679 3937 sinonnulli
698 3847 896 3920 inveniuntur,
916 3845 967 3923 qui
989 3851 1050 3907 tam
1076 3841 1202 3905 sublime
1230 3841 1310 3905 vitae

137 3970 232 4034 genus
252 3957 440 4032 oppugnatum
462 3949 495 4012 hi
517 3948 563 4012 vcl
583 3964 668 4011 verus
689 3946 753 4010 eius
774 3946 902 4009 rationes
915 3961 971 4007 non
993 3942 1190 4016 considerant,
1205 3941 1251 4006 vel
1271 3956 1309 4004 ex

135 4067 240 4116 corum
263 4065 352 4130 grege
373 4059 451 4127 sunt,
473 4048 525 4126 qui
546 4053 661 4124 praeter
682 4061 801 4107 sensum
823 4042 896 4105 nihil
917 4040 1045 4119 sapiunt,
1067 4055 1118 4103 nec
1139 4039 1197 4102 nisi
1217 4038 1309 4102 animi

138 4149 320 4228 procacitate
341 4146 459 4225 pollent.
482 4143 557 4206 Cum
578 4142 654 4205 enim
676 4149 737 4204 tam
765 4139 882 4203 excelso
902 4138 1010 4214 animo,
1033 4145 1066 4200 ut
1086 4145 1200 4201 sutum
1229 4138 1310 4199 bunc

66 4273 71 4280 ·
137 4252 312 4327 sequantur,
326 4262 358 4309 se
379 4244 499 4307 minime
512 4247 632 4306 ornatos
653 4238 813 4316 consciunt,
828 4245 858 4300 et
871 4237 986 4301 abiecta
1001 4236 1130 4317 quadam
1145 4233 1310 4299 invidentia

53 4391 445 4567 aurel

36 4553 479 4673 o'utisftflff
399 4500 456 4589 ⁰
545 4550 780 4592 μ
834 4553 875 4585 ’“

73 4667 449 4775 siquam

196 4839 240 4858 “’
302 4827 443 4896 fta
498 4869 528 4884 =·
