3159 4934
293 309 348 367 ate
441 327 482 368 xus
500 326 625 368 utrumn
642 342 653 353 ·
670 326 738 367 reus
754 326 789 367 ιιι.
807 324 849 367 rus
866 324 1092 369 mrnnrarmuaxn
1110 327 1159 369 scu
1177 327 1294 371 cxurruu

293 438 392 501 omnia
407 437 695 517 ubiqueglloreseere,
717 438 770 501 sed
789 437 862 500 alibi
882 440 992 518 fruges,
1014 438 1084 502 alibi
1105 454 1219 517 pecora,
1240 440 1314 502 alibi
1336 438 1489 515 metalla,

293 547 383 614 atque
404 535 444 597 ita
467 535 504 598 de
524 535 600 609 aliis,
619 522 931 611 abundare'voltteriu
955 538 1115 600 ostendisse
1136 536 1252 601 videtur
1277 554 1311 601 se
1333 544 1485 600 mutuans

292 633 452 711 quamdam
474 650 509 696 ex
532 633 590 696 hac
611 642 694 712 parte
707 633 888 697 iunctionem
909 636 1038 713 gentium
1060 643 1186 714 optasse.
1202 633 1295 719 lmmo
1318 650 1393 698 vero
1418 636 1486 697 hac

292 731 436 793 honorum
461 730 660 809 discrepantia
681 738 785 810 gentes
805 747 906 795 omues
926 732 1057 795 vicissim
1078 735 1154 796 iuter
1173 749 1204 795 se
1225 733 1382 796 subiectas
1408 748 1485 795 esse

294 827 400 901 uoluit3
413 828 558 907 siquidem
574 829 761 909 indigentiae,
776 846 851 907 quae
872 831 939 893 inde
952 834 1142 905 enascuntur,
1156 838 1277 893 mutuae
1292 839 1365 893 sunt
1379 836 1484 909 atque

292 942 394 989 omnes
415 928 577 1007 generatim
597 929 747 991 afficiunt:
761 930 813 1007 qui
832 938 931 992 autem
951 937 1028 1008 eget,
1042 930 1079 1003 ei,
1093 930 1144 1007 qui
1164 929 1307 1003 abundat,
1322 931 1359 991 ιιι
1380 928 1487 991 obno-

292 1024 370 1087 xius.
385 1022 436 1087 Sic
452 1033 557 1087 natura
570 1034 686 1105 gentem
702 1044 790 1089 unam
808 1027 844 1090 ad
861 1027 1135 1091 communicandum
1151 1043 1218 1090 cum
1233 1027 1291 1090 alia
1307 1028 1484 1103 ordinavit,

291 1131 381 1201 atque
394 1124 432 1185 ad
447 1124 664 1190 benevolentiae
677 1126 850 1190 exercitium
863 1127 892 1190 vi
906 1128 995 1190 etiam
1011 1127 1147 1206 propriae
1162 1126 1299 1190 utilitatis
1315 1127 1439 1206 adegit.

331 1217 361 1283 9.
383 1218 579 1288 commercia
610 1238 667 1307 per
697 1239 733 1289 se
760 1221 869 1291 tareni
890 1222 1033 1291 culturae
1063 1220 1185 1291 morali.
1208 1223 1364 1288 Nec-veru
1387 1238 1498 1288 com„

292 1317 435 1380 mercium
466 1319 668 1383 materialibus
695 1321 852 1385 dumtaxat
872 1322 1071 1401 incrementis,
1092 1322 1143 1385 sed
1173 1322 1334 1386 moralibus
1360 1322 1479 1395 etiam,

292 1414 433 1479 indirecte
455 1416 570 1492 saltem,
582 1418 672 1481 lavet.
684 1417 802 1482 illenim
823 1436 879 1483 uon
902 1420 988 1503 modo
1009 1420 1143 1483 diversas
1165 1427 1267 1498 gentes
1287 1419 1332 1481 ιιι
1347 1420 1481 1497 miscet,

293 1523 328 1577 ut
347 1515 425 1594 quod
446 1517 579 1595 genitum
606 1517 715 1581 alicubi
735 1527 790 1592 est,
808 1519 840 1581 id
867 1520 945 1597 apud
966 1534 1067 1581 omnes
1090 1526 1193 1581 natum
1220 1534 1285 1581 esse
1308 1518 1477 1591 rideatur;

292 1612 454 1677 sedetiam
477 1615 616 1679 scientiae
637 1614 861 1692 amplificandae
874 1632 910 1679 ae
931 1617 1062 1679 moribus
1085 1615 1283 1695 temperandis
1305 1616 1480 1694 debitaque

291 1712 411 1777 lenitate
425 1713 569 1776 donandis
582 1730 638 1777 non
651 1722 756 1792 parum
770 1716 889 1778 content.
901 1700 1089 1777 Valde‘euin'r
1104 1713 1286 1777 intellectum
1300 1713 1480 1791 amplificat
1572 1700 1573 1729 ³

292 1818 412 1891 propter
432 1812 606 1874 varietatem
627 1819 657 1874 et
677 1813 791 1890 copiam
813 1813 1006 1886 obiectorum,
1027 1827 1103 1890 quae
1123 1812 1258 1889 respicit;
1279 1819 1401 1888 propter
1426 1810 1479 1873 di-

291 1910 435 1972 stantium
450 1910 581 1973 locorum
603 1911 823 1988 inspectionem,
834 1908 871 1973 ad
893 1926 968 1989 qnae
983 1918 1060 1973 terra
1076 1909 1211 1988 marique
1231 1908 1369 1980 homines,
1384 1922 1475 1969 mer·

290 2008 372 2069 cium
394 2007 654 2087 permutandamm
683 2009 788 2089 gratia,
810 2008 945 2081 adducit;
969 2001 1088 2086 propter
1116 2009 1199 2085 iuges
1224 2005 1361 2077 stimulos,
1382 2020 1471 2082 quos

292 2106 384 2169 menti
411 2106 494 2168 addit
522 2115 555 2170 ut
582 2122 657 2169 nova
676 2106 781 2169 'media
810 2106 1022 2183 excogitentur,
1043 2106 1152 2184 quibus
1182 2112 1339 2185 mercatum
1365 2098 1474 2163 latius
1573 2110 1574 2115 ’

292 2212 479 2277 exerceatur,
502 2213 619 2282 propter
634 2212 767 2265 mutuam
789 2203 1082 2267 communicationem
1103 2203 1287 2281 ingeniorum
1306 2215 1393 2279 quam
1416 2199 1476 2261 in-

291 2301 386 2375 ducit,
405 2309 435 2365 et
458 2309 626 2365 contactum
651 2317 766 2365 morum
788 2302 1001 2379 oppositorum,
1022 2316 1058 2363 ex
1080 2317 1139 2379 quo
1160 2307 1298 2363 mutuum
1318 2307 1479 2376 tempera·
1574 2380 1575 2391 2

292 2406 424 2461 mentum
445 2407 475 2461 et
495 2400 590 2463 maior
609 2399 767 2491 explicatio
788 2399 896 2461 virium
918 2399 1084 2462 efflorescit.

331 2494 409 2561 Hinc
423 2499 487 2560 iure
497 2500 655 2562 observant
668 2498 835 2576 philosophi
850 2498 1011 2561 maximum
1024 2497 1156 2560 culturae
1169 2495 1325 2559 nationalis
1337 2494 1479 2573 gradum

290 2611 359 2657 cum
374 2597 550 2660 commercio
565 2596 712 2668 connecti,
725 2596 805 2658 sieut
818 2596 1012 2659 rudissimum
1028 2596 1106 2658 uitae
1120 2611 1215 2674 genus
1230 2594 1303 2656 illud
1318 2593 1479 2671 estquod

292 2692 354 2755 solo
367 2703 475 2756 venatu
488 2701 549 2757 aut.
563 2696 678 2772 piscatu
700 2693 875 2756 continetur.
890 2692 970 2757 luter
985 2696 1057 2757 ιιιιι
1072 2692 1202 2757 medium
1224 2692 1321 2754 locum
1338 2697 1480 2768 occupat
1575 2742 1576 2749 ,

293 2790 472 2867 agricultura
494 2801 524 2854 et
544 2793 652 2854 artium
675 2792 913 2878 mechanicarum
935 2807 1023 2864 usus;
1045 2791 1088 2853 ιιι
1109 2798 1206 2853 tamen
1228 2798 1262 2851 ut
1283 2786 1480 2867 agricultura

292 2886 461 2951 domesticis
474 2899 504 2951 et
518 2889 654 2952 civilibus
668 2889 829 2952 virtutibus
843 2886 1020 2964 excolendis,
1032 2888 1142 2950 artium
1159 2904 1232 2948 usus
1243 2884 1373 2949 externis
1388 2885 1480 2947 vitae

292 2986 472 3047 ornamentis
492 2987 588 3066 magis
609 2987 765 3049 deserviat.
787 2985 842 3050 llla
867 2986 944 3049 enim
974 2984 1102 3047 familias
1130 2992 1211 3047 certo
1239 2984 1305 3047 loco
1331 2983 1479 3061 affigens,

293 3098 403 3162 vagum
417 3069 533 3147 vivendi
547 3100 658 3147 morem
680 3083 812 3148 excludit
827 3100 861 3146 ac
884 3082 1017 3145 stabilem
1043 3082 1277 3159 permansionem
1299 3080 1384 3152 laeit;
1403 3086 1479 3141 tum

293 3183 383 3244 etiam
405 3198 475 3243 eura
491 3183 687 3260 prospiciendi
711 3182 740 3243 in
763 3189 914 3259 posterum
937 3181 1114 3259 solertiaque
1134 3195 1233 3241 rerum
1256 3178 1482 3255 comparanda-

293 3296 360 3343 rum
375 3279 547 3359 prudentem
562 3287 592 3341 et
606 3281 760 3357 providum
776 3280 912 3343 colonum
923 3279 1023 3342 efficit.
1035 3282 1126 3341 Artes
1141 3293 1211 3341 vero
1226 3276 1312 3355 louge
1325 3276 1479 3337 maiorem

293 3392 448 3440 numerum
469 3378 650 3441 obiectorum
671 3377 843 3455 respiciunt,
857 3392 983 3454 quorum
1007 3392 1112 3454 magua
1135 3391 1204 3453 pars
1225 3375 1264 3437 ab
1285 3372 1480 3453 agricultura

294 3476 515 3554 suppeditatum
536 3491 631 3553 neque
659 3475 748 3536 statis
775 3483 902 3537 tautum¹
919 3474 1111 3552 temporibus,
1136 3473 1189 3535 sed
1210 3472 1328 3535 assidue
1348 3478 1378 3535 et
1400 3486 1481 3535 con·

295 3575 420 3637 tinenter
447 3575 626 3637 exercendae
647 3574 810 3636 industriae
831 3580 859 3635 et
882 3572 1019 3635 utilitatis
1047 3572 1209 3651 capiendae
1231 3572 1423 3635 occasionem
1447 3581 1481 3635 et

294 3672 448 3734 materiam
463 3673 619 3749 praeuenu
633 3678 802 3749 acuuntque
822 3672 1008 3734 veliementer
1023 3670 1172 3749 ingenium
1188 3670 1332 3733 desiderio
1346 3677 1377 3732 et
1395 3686 1479 3735 cura

294 3768 533 3831 inveniendorum
553 3770 827 3843 instrumentorum,
844 3785 880 3831 ae
894 3768 1067 3831 relationum
1092 3768 1377 3847 perspiciendarnm,
1391 3785 1479 3847 quae

295 3879 400 3926 causas
420 3866 496 3929 inter
516 3874 546 3929 et
566 3868 690 3929 eftectus
711 3866 908 3929 intercedunt.

338 3958 383 4022 10.
405 3960 601 4047 Respondent
622 3960 679 4029 turi
701 3959 893 4048 imperleolo.
914 3959 1035 4025 lueuudi
1065 3964 1246 4026 commercia
1270 3962 1427 4042 obligatio,
1451 3966 1479 4026 si
1575 4024 1576 4057 ζ

296 4066 426 4119 extrema
446 4060 491 4122 vel
516 4061 601 4138 quasi
621 4068 754 4123 extrema
775 4061 934 4148 necessitas
956 4061 1129 4139 excipiatur,
1152 4060 1326 4138 imperiecta
1346 4070 1395 4124 est
1418 4079 1479 4126 sen
1575 4062 1576 4075 ¹

296 4152 426 4227 moralis,
444 4172 499 4220 non
520 4158 654 4221 inridica.
669 4156 752 4222 Unde
772 4159 836 4220 eins
857 4159 1031 4232 observatio,
1046 4165 1169 4236 excepto
1191 4175 1263 4221 casu
1284 4174 1374 4238 quem
1396 4160 1480 4235 dixi,
1575 4236 1576 4239 Ἴ

296 4248 326 4309 ιι
347 4252 440 4326 repeti
467 4269 637 4333 nequaquae
659 4264 764 4332 potest.
782 4254 857 4319 Cum
879 4258 956 4319 enim
977 4257 1110 4320 nationes
1133 4256 1175 4319 ita
1196 4257 1234 4319 ad
1257 4258 1383 4321 aliarum
1404 4259 1481 4321 feli·
