3159 4934
284 261 337 320 ιθῡ
606 277 646 318 rus
663 277 788 320 usruuuu
806 293 816 303 ·
835 277 903 318 auus
920 279 945 319 u.
964 278 1007 320 rus
1025 277 1134 320 socrum

282 402 423 462 amorem,
443 389 494 468 qui
515 387 736 456 tundamentum
757 390 895 453 connubii
914 398 971 464 est,
991 391 1094 453 haberi
1115 407 1203 470 posse
1231 401 1284 455 aut
1311 392 1464 470 deinceps

283 485 457 548 duraturum
478 501 541 550 esse
562 486 639 549 inter
654 486 780 550 vetulam
795 495 826 552 et
838 487 1062 563 adolescentem
1076 488 1123 553 vel
1136 489 1297 553 viceversa.
1311 487 1464 564 Βιιιιιιιι,

282 583 393 646 attendi
414 583 502 646 etiam
524 584 620 658 debet,
633 601 672 646 an
692 591 808 648 tautum
827 587 872 647 rei
891 585 1048 649 tamiliaris
1068 595 1216 666 suppetat,
1233 595 1265 650 ut
1278 602 1365 651 onera
1389 604 1466 650 ma-

284 681 411 744 trimonii
433 682 572 744 sustineri
591 682 717 746 valeant
732 680 824 746 Secus
844 683 927 747 brevi
950 683 1144 747 intolleranda
1167 681 1338 764 paupertas,
1252 658 1467 748 inteli-

284 765 435 843 cissrmum
449 782 558 844 efficiet
577 780 659 843 illum
681 788 804 856 statum
818 781 871 859 qui
890 781 928 843 ad
948 781 1080 846 levamen
1102 782 1200 860 potius
1221 783 1465 862 conquirendum

283 877 501 958 felicioremque
514 880 605 942 vitam
626 879 810 942 efficiendam
831 881 1050 942 assumebatur.
1065 877 1147 943 Haec
1169 887 1268 943 ιιιιιι
1288 897 1345 944 ιιι
1364 883 1467 944 abso-

283 975 382 1039 lutea
403 977 732 1070 rationeimperanturq
755 977 808 1039 sed
830 984 945 1039 tantum
967 978 1189 1070 persuadentur.
1211 976 1245 1040 Si
1264 979 1332 1057 quis
1352 986 1463 1042 autem

283 1082 386 1137 contra
407 1061 501 1137 lacere
515 1074 595 1148 velit,
610 1091 665 1138 suo
678 1075 742 1137 iure
757 1075 861 1149 utitur;
881 1075 929 1137 cui
943 1065 1118 1137 individuali
1130 1074 1283 1138 libertati
1274 1077 1386 1138 iniusta
1412 1077 1465 1139 vis

283 1171 449 1244 inferretur,
471 1171 498 1234 si
518 1172 643 1236 societas
662 1171 907 1251 impedimentum
927 1179 1096 1251 apponeret.

324 1268 456 1348 Denique
476 1269 668 1343 advertimus,
689 1270 909 1333 matrimonium
931 1271 959 1334 ιι
987 1287 1060 1334 suae
1087 1278 1211 1333 naturae
1238 1273 1395 1349 exquirere
1426 1204 1512 1336 ut}

284 1367 374 1430 libere
395 1369 586 1431 contrabatur
605 1377 636 1430 et
656 1377 760 1431 mutuo
783 1370 942 1446 coniugum
963 1383 1118 1432 consensu.
1134 1367 1168 1432 ld
1187 1377 1268 1447 patet
1288 1385 1344 1432 non
1364 1369 1462 1433 modo

283 1480 320 1527 ιι
340 1465 456 1528 ιιιιιιι
476 1473 656 1540 contractus,
669 1465 721 1528 sed
742 1466 832 1528 etiam
854 1466 924 1545 quia
945 1466 1175 1542 matrimonium,
1192 1475 1287 1530 totum
1307 1476 1460 1546 quantum

283 1571 336 1637 est,
357 1565 388 1626 in
408 1579 507 1627 amore
527 1564 668 1627 tundatur
689 1564 844 1642 utriusque
865 1564 970 1642 partis,
990 1565 1041 1642 qui
1062 1574 1143 1629 certe
1163 1580 1232 1630 oum
1253 1564 1401 1640 violentia,
1418 1568 1459 1628 ad

282 1662 459 1726 iunctionem
471 1669 602 1740 cogente,
613 1667 644 1724 et
657 1660 792 1724 dissensu
807 1661 895 1725 unius
910 1662 1015 1725 saltem
1026 1663 1162 1742 coniugis
1176 1664 1325 1727 conciliari
1338 1664 1455 1742 nequit.

284 1757 339 1822 Cui
353 1760 468 1823 accedit
482 1761 559 1838 quod
574 1760 654 1823 circa
675 1775 737 1824 rem
756 1768 902 1834 versatur,
916 1777 992 1839 quae
1006 1762 1044 1825 ad
1058 1764 1105 1824 ius
1126 1761 1307 1824 individuale
1319 1761 1455 1824 innatum

285 1859 411 1921 maxime
433 1859 573 1936 pertinen
595 1874 631 1921 ιι
652 1857 772 1936 proinde
793 1875 811 1920 a
832 1858 996 1936 personalis
1016 1859 1165 1922 libertatis
1194 1858 1334 1922 exercitio
1358 1858 1451 1920 eximi

284 1956 393 2032 nequit.
416 1957 515 2034 Atque
535 1958 609 2020 haec
629 1957 666 2020 de
691 1957 802 2034 primae
829 1958 920 2020 huius
941 1957 1092 2022 societatis
1120 1966 1235 2032 natura,
1256 1973 1331 2036 quae
1354 1957 1447 2020 totius

283 2051 412 2115 familiae
432 2053 654 2117 tundamentum
675 2061 729 2130 est,
752 2054 827 2117 satis
846 2054 965 2134 quidem
987 2055 1157 2118 dictasint

325 2148 371 2212 10.
394 2148 506 2217 Partes
528 2148 687 2235 utriusque
710 2149 858 2237 coniugis.
872 2150 956 2227 Quae
970 2153 1042 2226 dixi,
1057 2154 1278 2216 matrimonium
1292 2153 1452 2216 ineundum

284 2257 433 2326 spectant;
448 2265 483 2313 eo
501 2258 598 2312 autem
613 2251 694 2324 inito,
709 2252 753 2316 sic
767 2252 926 2329 coniunges
938 2266 971 2312 se
986 2251 1131 2330 respicere
1148 2251 1263 2330 debent,
1278 2259 1311 2314 ut
1325 2251 1453 2320 alterum

282 2346 321 2408 ad
335 2347 459 2410 alterum
474 2349 593 2411 omniuo
615 2351 758 2427 pertinere
772 2348 946 2428 intelligant.
961 2346 1039 2412 Hinc
1061 2349 1180 2412 violatio
1202 2349 1270 2412 fidei
1290 2350 1457 2429 coniugalis

282 2460 319 2508 ιι
340 2445 403 2522 ipsa
423 2446 550 2508 essentia
573 2448 751 2514 matrimonii
772 2447 830 2509 ιιιι
847 2455 971 2542 ιιιιιιι
992 2447 1169 2526 gravissime
1189 2458 1344 2548 repugnat.
1359 2447 1455 2512 lmmo

284 2543 357 2606 tides
378 2544 520 2607 eiusmodi
536 2545 652 2608 omnino
673 2545 807 2623 requirit,
779 2524 868 2608 ιι
875 2533 934 2609 non
952 2545 1039 2608 modo
1060 2547 1147 2608 lactis
1168 2538 1288 2610 minime
1308 2546 1456 2620 laedatur

286 2642 335 2704 sed
356 2642 446 2704 ctiam
467 2658 504 2705 ne
523 2643 789 2718 laedaturadectu,
810 2652 954 2722 quatenus
975 2645 1081 2707 coniux
1059 2627 1242 2725 amorem,
1264 2647 1384 2725 coniugi
1403 2648 1456 2712 de·

282 2738 389 2812 bitum,
404 2755 473 2803 oum
493 2740 587 2804 aliena
602 2757 724 2819 persona
735 2743 818 2805 nulla
840 2744 952 2806 ratione
973 2745 1178 2808 communicet.
1193 2743 1299 2808 Totum
1321 2746 1401 2836 enim
1421 2764 1455 2810 se

283 2836 401 2914 coniugi
422 2837 558 2901 tradidit:
575 2839 694 2916 proinde
715 2842 803 2904 etiam
825 2843 923 2920 quoad
938 2844 1063 2905 affectus
1080 2843 1169 2904 animi
1173 2859 1271 2921 q,uae
1286 2859 1355 2921 pars
1370 2860 1456 2924 prae·

283 2933 385 2997 cellit
377 2951 407 2996 ιι
420 2935 546 2999 homine.
561 2935 673 3001 Deinde
687 2939 846 3026 coniuges
841 2939 930 3002 simul
945 2935 1089 3003 babitare
1102 2949 1253 3015 tenentum
1267 2941 1298 3004 id
1311 2941 1390 3006 enim
1405 2943 1454 3005 ius

283 3035 480 3112 possessionis
499 3035 601 3115 exigit,
615 3038 694 3116 quod
707 3037 811 3101 alter
802 3055 833 3101 ru
853 3038 980 3102 alterum
1000 3039 1101 3114 habet,
1114 3047 1145 3102 et
1162 3047 1268 3103 natura
1290 3041 1454 3115 societatis,

282 3147 340 3209 qua
361 3132 485 3196 invicem
507 3133 691 3214 colligantm.
1496 3193 1510 3213 ι

321 3227 426 3304 Quoad
446 3231 604 3344 regimen
596 3248 670 3314 verp
685 3233 814 3322 {emiliae
834 3244 865 3298 et
885 3235 1000 3318 negotia
1023 3236 1197 3334 delinienda,
1217 3235 1382 3313 generatim
1403 3246 1456 3298 su-
1507 3242 1510 3255 ’

283 3344 382 3406 prema
405 3320 571 3407 potestas
553 3347 583 3392 ιι
604 3333 668 3394 ιιιι
689 3333 812 3408 residem
835 3335 921 3396 cuius
947 3335 1099 3413 proprium
1120 3342 1165 3398 est
1193 3333 1369 3397 auctoritate
1398 3350 1455 3396 sna
1517 3318 1528 3331 ’

282 3442 403 3490 uxorem
425 3442 534 3507 regere.
556 3425 650 3502 Qua
642 3445 672 3490 ιι
688 3445 725 3492 re
745 3429 830 3508 longe
851 3447 868 3494 a
890 3432 1014 3497 veritate
1028 3433 1186 3496 discedunt
1206 3431 1384 3495 recentiores
1399 3431 1454 3506 illi,

281 3525 410 3603 quinon
431 3525 676 3604 qualemcumque
697 3528 750 3590 sed
770 3529 888 3592 omnino
906 3529 1065 3607 perlectam
1086 3529 1296 3608 aequalitatem
1319 3529 1456 3592 intervi-

281 3639 347 3686 rum
368 3632 399 3686 et
420 3639 542 3688 uxorem
562 3625 731 3689 adstruunt.
746 3623 827 3700 Quos
847 3626 924 3691 inter
944 3627 1073 3716 Aureus,
1088 3625 1212 3703 Kgapsii
1226 3626 1394 3690 doctrinam
1408 3643 1456 3690 sc·

282 3721 486 3800 quntus;lioet
499 3724 665 3788 functiones
678 3726 709 3787 in
724 3725 835 3788 familia
850 3727 1001 3790 obeundas
1015 3726 1070 3803 pro
1084 3726 1146 3790 viro
1168 3733 1198 3788 et
1211 3739 1301 3789 uxore
1315 3725 1453 3789 diversas

281 3821 402 3896 statuit3
424 3823 577 3902 utriusque
600 3831 696 3888 umen
722 3823 918 3889 conditionem
947 3810 1064 3887 omnino
1093 3823 1245 3902 aequalem
1272 3838 1340 3886 esse
1366 3822 1454 3896 dicit,

281 3917 323 3978 ιιι
344 3920 478 3984 utnulla
500 3923 615 4000 proprie
636 3923 666 3985 in
687 3923 751 3987 viro
773 3923 815 3985 sit
835 3921 979 3986 maritalis
1003 3929 1139 4001 potestas.
1161 3923 1273 4000 Aperte
1299 3922 1377 3984 enim
1398 3921 1453 3994 ait,

282 4013 400 4078 admitti
419 4019 476 4081 bon
498 4035 585 4098 posse
599 4021 752 4084 mulierem
767 4021 918 4084 moraliter
930 4027 961 4084 et
981 4020 1104 4083 iuridiee
1117 4018 1283 4082 interiorem
1297 4033 1362 4080 esse
1375 4019 1454 4091 viro,

282 4123 370 4194 atque
390 4119 559 4180 auctoritati
584 4120 757 4193 subiectam,
777 4135 869 4198 quam
897 4116 1141 4188 matrimonialem
1169 4115 1321 4197 appellant
1334 4114 1386 4196 (l).
1409 4113 1453 4178 Et

329 4255 363 4316 (1)
384 4255 467 4304 Cocvs
483 4257 513 4304 olo
529 4259 603 4308 droit
618 4263 737 4309 natural.
