3159 4934
315 316 369 376 308
629 332 673 375 rus
690 333 817 377 rnrunan
835 349 844 358 ·
863 334 931 375 rsus
949 333 976 374 rr.
994 332 1037 375 rus
1055 330 1163 373 somnne

317 446 452 522 rendum,
474 463 529 510 non
550 449 648 510 minus
670 447 837 509 instinctiva
862 455 892 509 et
913 446 1066 510 rationalis
1087 455 1142 525 est,
1162 438 1250 525 quam
1274 452 1389 507 ceterae
1416 459 1493 522 pro-

314 548 474 625 pensiones
495 545 589 611 Immo
609 548 699 611 etiam
720 547 872 609 actuosius
894 553 988 625 urget,
1012 553 1130 623 propter
1150 543 1346 623 praestantius
1368 544 1488 605 bonum

314 645 393 722 quod
412 646 542 723 respicit,
556 655 585 709 et
606 644 695 707 alcius
715 644 845 707 officium
860 644 940 723 quod
960 643 1093 708 includit.
1112 642 1154 706 At
1175 660 1241 706 vero
1262 643 1332 705 huic
1354 656 1490 721 propen-

313 743 386 805 sioni
407 743 481 805 satis
502 759 646 822 superque
667 743 787 821 obsequi
806 745 895 805 bomo
917 741 1028 821 nequit,
1048 742 1103 803 nisi
1124 741 1245 803 aliorum
1267 740 1415 803 consortio
1438 755 1488 803 so-

312 841 450 904 cietatem
473 841 560 914 ineat,
587 856 664 920 quae
687 841 726 903 ad
752 841 840 903 finem
865 838 949 901 illum
975 839 1120 902 communi
1148 839 1213 900 nisu
1240 838 1485 916 consequendum

312 938 428 1002 lacilius
449 939 601 1003 conducat.
628 938 662 1002 ld
686 939 870 1000 manifestum
896 936 1033 1019 efficitur,
1059 937 1120 999 siue
1143 935 1285 999 naturalis
1310 935 1483 1015 animorum

313 1052 484 1129 consensus,
505 1037 568 1098 sive
569 1035 739 1121 indigentia
754 1035 1028 1115 propriabonrnis,
1042 1036 1104 1098 sive
1118 1034 1239 1121 rationis
1248 1012 1482 1120 praescriptum

314 1106 525 1228 consideretur.

326 1227 479 1295 Μ
471 1232 597 1309 primum
618 1232 695 1310 quod
717 1232 831 1305 attinet,
853 1234 941 1295 homo
963 1231 1006 1294 sic
1028 1232 1226 1295 conformatus
1243 1237 1295 1303 est,
1318 1237 1348 1295 ut
1364 1230 1484 1308 proprii

314 1329 438 1392 allectos
450 1330 546 1392 socios
558 1330 692 1409 postulet,
707 1346 796 1408 seque
811 1330 934 1392 allectus
948 1329 1074 1391 aliorum
1089 1328 1260 1407 participem
1275 1326 1485 1405 lacteumque

313 1426 369 1489 etsi
390 1426 419 1488 iu
439 1427 526 1489 rebus
546 1427 667 1489 minoris
689 1428 839 1502 momenti,
867 1444 944 1505 quaa
966 1442 1070 1506 parum
1098 1429 1128 1490 in
1147 1436 1269 1490 naturae
1290 1427 1481 1490 inclinatione

311 1523 478 1602 laudantur,
499 1524 585 1588 lacile
604 1525 728 1598 omittit;
749 1524 868 1588 difficile
890 1534 987 1588 tamen
1007 1534 1038 1587 et
1061 1525 1148 1604 qnasi
1169 1524 1348 1603 impossibile
1376 1531 1423 1585 est
1447 1532 1483 1585 ιιι

311 1624 429 1687 deserat
448 1625 478 1687 in
501 1625 548 1699 iis,
568 1642 644 1704 quac
671 1642 707 1688 ex
730 1626 829 1689 uiuido
850 1627 978 1703 quodam
1006 1636 1129 1688 naturae
1150 1626 1260 1703 impetu
1287 1630 1481 1686 enascuntur.

311 1719 426 1788 Natura
451 1722 528 1785 enim
549 1739 625 1802 quac
654 1732 722 1786 tunc
743 1734 892 1801 operatur,
920 1740 989 1787 cum
1014 1725 1117 1787 eadem
1145 1724 1184 1785 sit
1208 1725 1237 1785 in
1264 1710 1407 1794 omnibus,
1432 1721 1480 1783 sic

312 1820 517 1897 propensiones
536 1820 603 1882 illas
623 1821 819 1885 individuales
839 1822 944 1900 gignit,
965 1829 998 1884 ut
1017 1822 1187 1884 earumdem
1209 1820 1405 1899 cognationem
1426 1820 1480 1880 iu·

312 1917 388 1995 giter
407 1917 570 1993 exprimere
589 1918 780 1983 adiunctione
802 1928 904 1982 mutua
926 1920 965 1983 ad
988 1922 1129 1983 unitatem
1151 1918 1274 1998 originis
1294 1916 1473 1980 conformare

210 2024 215 2034 ’
312 2013 434 2076 nitatur.

351 2112 400 2175 Ad
420 2112 579 2176 secundum
601 2130 669 2177 uero
689 2115 767 2192 quod
788 2124 914 2193 spectat,
929 2116 953 2178 si
975 2116 1094 2190 iunctio,
1110 2122 1143 2179 ιιι
1162 2116 1218 2178 lert
1239 2115 1360 2185 eratum,
1374 2111 1475 2174 robur

312 2210 459 2287 efformem
480 2210 667 2275 imbecillitas
688 2214 811 2291 priuata,
833 2222 867 2277 ut
887 2216 916 2276 in
938 2216 1044 2278 ceteris
1063 2214 1225 2277 activitatis
1246 2210 1404 2283 ordinibus,
1424 2210 1474 2272 sic

310 2308 399 2371 etiam
420 2308 449 2370 in
464 2308 655 2388 explicatione
676 2311 811 2389 principii
833 2311 962 2391 religiosi
983 2326 1039 2373 non
1060 2311 1146 2374 aliter
1163 2308 1342 2375 corroborari
1363 2312 1473 2385 potest,

310 2406 367 2468 nisi
388 2422 531 2469 concursu
552 2406 698 2486 plurium3
712 2424 748 2471 err
769 2425 828 2487 quo
843 2410 1010 2472 adiumenta
1031 2410 1209 2489 deriventur,
1224 2411 1261 2472 ad
1276 2414 1387 2487 partem
1409 2413 1473 2468 tum

310 2505 532 2582 speculativam,
547 2514 610 2567 tum
632 2507 793 2583 practicam
815 2508 996 2586 pertinentia.

351 2602 482 2683 Denique
501 2604 629 2684 idipsum
648 2605 763 2668 eruitur
782 2622 799 2668 e
821 2606 1001 2683 praescripto
1023 2605 1157 2679 rationis,
1175 2620 1249 2684 quae
1270 2602 1382 2667 cubum
1404 2616 1474 2678 erga

312 2698 416 2778 Deum,
431 2703 527 2780 quoad
548 2702 612 2765 ueri
634 2710 741 2781 potest,
756 2705 916 2781 perlectum
938 2704 1019 2767 iubet
1037 2720 1072 2766 ac
1095 2704 1192 2777 talem,
1206 2708 1239 2763 ut
1258 2716 1314 2762 non
1336 2698 1424 2761 modo
1437 2699 1476 2760 ab

312 2797 480 2861 bominibus
501 2800 669 2873 individuis,
690 2802 740 2879 qui
763 2816 896 2863 seorsum
922 2802 1035 2879 accepti
1060 2801 1194 2865 imbelles
1210 2783 1291 2861 'sum
1311 2806 1340 2861 et
1359 2797 1475 2875 labiles,

311 2894 364 2956 sed
379 2895 505 2959 maxime
524 2898 562 2959 ab
576 2897 640 2975 ipsa
663 2898 855 2971 humanitate,
869 2914 945 2976 quae
961 2899 1083 2962 validior
1096 2908 1140 2963 est
1154 2907 1184 2961 et
1202 2912 1384 2975 permanens,
1395 2894 1477 2958 exbi-

312 2993 424 3056 heatur.
439 2994 481 3055 At
502 2996 619 3058 veroid
640 2996 717 3057 ellici
738 2998 848 3074 nequit,
869 2996 926 3058 nisi
947 2998 1043 3059 studia
1064 3004 1094 3059 et
1115 3011 1203 3075 opera
1224 2993 1408 3072 singulorum
1432 3006 1478 3053 re-

312 3099 415 3169 spectu
435 3090 525 3153 buius
546 3093 614 3154 linis
635 3093 819 3170 copulentur,
840 3101 868 3156 et
890 3110 975 3172 opem
997 3094 1128 3157 vicissim
1148 3094 1205 3156 sibi
1226 3094 1341 3166 terant3
1364 3088 1476 3154 scilicet

312 3186 369 3250 nisi
388 3189 513 3251 societas
527 3188 661 3267 religiosa
682 3191 833 3253 formetur.
848 3188 904 3255 Vel
925 3193 988 3270 ipso
1003 3192 1093 3271 igitur
1110 3198 1232 3254 naturae
1247 3190 1349 3253 ordino
1364 3196 1477 3250 tantum

311 3288 452 3364 inspecto,
467 3287 554 3350 homo
568 3286 607 3347 ad
620 3287 763 3351 eiusmodi
777 3288 948 3351 sociotatem
963 3289 1117 3353 ineundam
1132 3288 1293 3367 impellitur
1312 3304 1370 3350 non
1384 3286 1477 3349 solum

311 3384 411 3447 innato
432 3384 559 3462 quodam
585 3383 736 3463 instinctu,
758 3386 919 3449 sedetiam
940 3402 976 3449 ex
997 3388 1093 3450 officio
1121 3387 1233 3450 colendi
1261 3384 1358 3449 Deum
1385 3394 1417 3447 et
1442 3398 1477 3445 ex

310 3481 439 3561 generali
459 3482 646 3561 obligatione,
660 3498 748 3561 quam
769 3482 860 3547 habet
848 3485 1080 3563 tprcsequendi
1100 3485 1264 3548 ordinema
1284 3490 1391 3546 natura
1416 3496 1478 3561 pru

313 3580 452 3657 positum.

354 3673 419 3741 117.
433 3671 597 3743 Praedicta
610 3672 764 3742 inclinatio
780 3673 909 3745 nobilius
921 3676 1065 3763 expletur
1080 3696 1108 3745 vr
1100 3675 1297 3745 Ecclesiae.
1310 3629 1387 3739 Cum
1399 3674 1479 3741 Deus

311 3776 340 3839 in
364 3776 508 3855 praesenti
530 3792 627 3837 rerum
655 3777 819 3840 conditione
840 3777 989 3840 bominem
1010 3777 1048 3839 ad
1075 3776 1209 3840 altiorem
1232 3782 1354 3849 statum,
1375 3788 1477 3851 nempe

312 3874 434 3951 gratiae,
447 3872 587 3947 erexerit,
599 3873 685 3953 eique
706 3874 844 3937 veritates
865 3876 922 3939 tide
943 3822 1400 3967 οιιιιιιιῗιιῖῇὸἰῖοἶιῖἑιῗῆἶιῗιιι
1418 3888 1478 3935 mo-

312 3967 381 4031 dum
402 3985 460 4047 quo
480 3970 619 4033 colendus
639 3972 678 4034 sit
698 3979 729 4034 et
748 3970 846 4035 media
868 3973 976 4051 quihus
997 3962 1134 4037 caelestia
1156 3971 1235 4035 bona
1252 3986 1477 4051 consequamur,

313 4066 527 4143 determinarit3
547 4068 712 4133 Ecclesiam
734 4086 785 4149 per
808 4069 961 4133 Christum
989 4070 1128 4145 instituit,
1148 4077 1301 4149 tamquam
1328 4085 1429 4132 reram
1448 4075 1479 4130 et

312 4163 457 4227 visibilem
472 4167 650 4241 societatem,
664 4183 716 4247 per
737 4175 832 4231 totum
847 4169 948 4232 orbem
969 4168 1118 4242 dillusam,
1132 4183 1208 4247 quae
1229 4166 1364 4247 singulos
1384 4166 1479 4230 bomi-

308 4276 363 4325 nes
383 4277 438 4324 sua
465 4263 575 4326 unitate
596 4267 792 4343 coniungeret.
814 4264 863 4329 Sic
891 4264 921 4328 in
949 4267 1094 4344 praesenti
1116 4268 1244 4330 societas
1271 4266 1420 4345 religiosa,
1440 4262 1478 4327 ad
