3159 4934
606 326 648 372 rus
666 330 791 371 aaronis
803 299 813 354 ’-
825 328 894 369 rans
913 327 928 367 t.
946 327 989 369 rus
1006 322 1178 367 tmnrvmuanu

723 603 976 665 Annianuus
1005 596 1056 663 lli.

747 732 796 797 De
811 729 1029 797 contractibus.

346 928 394 995 79.
417 928 491 1011 poio
514 928 553 996 sil
574 933 765 997 contractus.
789 927 862 992 Cum
884 928 1059 1003 dominium,
1074 943 1111 990 ex
1132 926 1309 1005 proprietate
1322 939 1481 1002 enascens,

305 1030 430 1093 liberam
452 1029 493 1093 rei
515 1028 738 1107 dispositionem
758 1028 915 1105 importet;
931 1026 1060 1105 proiecto
1076 1026 1248 1089 facultatem
1269 1022 1481 1101 complectitur
1563 1053 1567 1062 ·

307 1127 452 1190 alienandi
474 1142 545 1199 rem,
566 1127 591 1187 si
613 1126 704 1199 lubet,
718 1126 842 1204 eiusque
862 1125 976 1187 iructus
994 1139 1062 1187 cnm
1078 1123 1199 1185 alterius
1212 1138 1301 1200 opera
1321 1129 1376 1183 ant
1390 1123 1483 1183 rebus

308 1224 518 1289 commutandi.
534 1223 634 1303 Atque
647 1224 684 1287 ad
705 1225 735 1286 id
751 1226 840 1287 bomo
862 1223 891 1286 vi
911 1232 1035 1285 naturae
1049 1222 1198 1285 incitatur.
1213 1219 1308 1285 Nemo
1329 1221 1409 1283 enim
1426 1238 1482 1282 sua

310 1330 423 1385 tantum
439 1338 525 1400 opera
540 1331 592 1384 ant
611 1323 696 1385 bonis
718 1323 774 1384 sibi
798 1322 947 1384 sufficiens
961 1329 1021 1395 est3
1036 1335 1104 1383 cum
1125 1336 1173 1381 res
1194 1326 1317 1382 naturae
1331 1334 1480 1397 nusquam

310 1420 471 1499 aequaliter
492 1419 651 1492 abundent,
665 1419 716 1482 sed
732 1434 786 1496 pro
807 1420 981 1482 diversitate
998 1418 1080 1494 caeli,
1096 1417 1239 1491 culturae,
1253 1416 1402 1479 ubertatis
1416 1415 1482 1489 soli,

310 1517 493 1597 aliarumque
505 1532 671 1596 consenum,
683 1517 759 1579 unde
769 1516 906 1595 pendent,
918 1516 965 1577 sui
980 1516 1095 1594 copiam
1107 1525 1158 1578 aut
1170 1513 1296 1593 inopiam
1309 1513 1482 1575 exhibeant.

310 1614 388 1680 Hinc
408 1631 507 1678 amore
526 1631 595 1694 erga
611 1631 663 1678 nos
684 1625 772 1693 atque
787 1616 863 1678 alios
883 1614 1062 1693 impellimur
1077 1614 1115 1675 ad
1129 1620 1262 1680 mutuam
1279 1610 1480 1674 communica·

311 1716 419 1779 tionem
434 1720 464 1776 et
478 1713 721 1791 permutationem
736 1715 880 1799 ipsarum,
895 1721 925 1775 et
941 1713 980 1774 ad
1001 1712 1176 1775 commercia
1198 1708 1325 1772 invicem
1343 1708 1482 1771 ineunda.

312 1813 344 1877 ln
359 1812 407 1873 his
422 1811 576 1889 peculiaris
587 1820 673 1874 actus
686 1811 850 1888 intercedit
862 1816 1017 1889 utramque
1029 1818 1142 1888 partem
1154 1808 1191 1870 ad
1203 1808 1290 1870 tidem
1303 1806 1478 1870 servandam

311 1911 508 1989 adstringens,
528 1912 580 1989 qui
603 1910 709 1989 pactio
731 1909 776 1972 vel
801 1911 979 1971 contractus
1000 1908 1177 1981 nominatur,
1197 1914 1227 1968 et
1246 1904 1330 1967 aliud
1357 1908 1481 1965 nonest

313 2010 484 2089 quidquam,
495 2010 564 2073 nisi:
575 2006 721 2072 Duorum
731 2007 780 2070 oei
789 2007 931 2087 plurium
944 2008 979 2069 io
993 2004 1074 2069 idean
1086 2004 1237 2085 placitum
1248 2020 1414 2067 consensus
1424 1999 1476 2081 (1).

353 2104 401 2171 80.
423 2102 619 2175 conditiones
640 2102 821 2191 requisitae.
843 2103 883 2170 Ut
903 2114 1074 2169 contractus
1095 2106 1136 2166 sit
1158 2102 1284 2176 validus,
1299 2100 1482 2164 conditiones

314 2205 466 2269 nonnullae
480 2206 676 2284 requiruntur.
692 2201 756 2267 Hae
771 2213 869 2267 autem
889 2211 956 2265 sunt
970 2209 1106 2281 quatuor,
1122 2201 1270 2263 videlicet:
1285 2200 1413 2277 cognitio
1426 2199 1479 2271 rei,

314 2304 392 2367 circa
414 2319 504 2381 quam
526 2309 696 2366 contractus
717 2311 871 2374 versatum
891 2301 1013 2364 libertas
1037 2300 1066 2362 in
1088 2298 1344 2370 contrahentibus;
1369 2296 1484 2359 coexsi-

314 2403 419 2465 stcntia
441 2401 536 2464 mutui
558 2416 729 2475 consensum
749 2400 930 2479 possibilitas
950 2405 1039 2478 atque
1059 2399 1196 2462 honestas
1216 2397 1269 2471 rei,
1282 2397 1319 2459 dc
1334 2412 1394 2474 qua
1416 2410 1485 2457 con·

316 2502 463 2562 trabentes
483 2499 681 2577 paciscuntur.

352 2595 392 2659 Et
413 2612 481 2659 sanc
502 2599 527 2658 si
548 2596 695 2659 obiectum
718 2596 880 2675 ignoratur,
900 2602 1069 2657 contractus
1098 2609 1154 2655 non
1176 2593 1234 2654 erit
1253 2590 1383 2669 amplius
1403 2589 1483 2653 actio

314 2693 493 2767 voluntaria;
517 2693 652 2756 voluntas
673 2694 750 2755 enim
771 2692 802 2755 iu
822 2695 954 2772 ignotum
975 2693 1045 2754 ferri
1066 2693 1176 2770 nequit.
1198 2688 1295 2763 Quare
1320 2687 1409 2753 dolus
1431 2696 1483 2750 aut

314 2794 396 2853 irans
416 2791 547 2864 alterius,
563 2791 610 2854 vel
626 2806 707 2855 error
721 2792 800 2854 circa
823 2790 1020 2853 substantiam
1038 2789 1084 2852 vel
1099 2788 1286 2851 essentialem
1307 2785 1484 2863 qualitatem

316 2887 366 2965 rei,
388 2903 455 2949 cum
477 2889 629 2951 scientiam
651 2889 795 2962 destruat,
812 2887 957 2951 validitati
978 2895 1150 2950 contractus
1170 2885 1336 2965 opponitur.
1352 2880 1420 2945 Non
1440 2883 1482 2944 ita

316 2990 369 3061 est,
391 2985 416 3045 si
437 2986 579 3063 ignoratio
600 2994 733 3049 versetur
754 2985 832 3049 circa
852 2986 1012 3065 qualitates
1032 2984 1238 3048 accidentales.

357 3077 402 3143 Ex
417 3082 518 3144 eadem
533 3083 749 3146 terme-ratione
769 3084 871 3146 irritus
892 3090 938 3146 est
956 3091 1136 3156 contractus,
1150 3098 1218 3145 cnm
1232 3080 1355 3143 libertas
1369 3077 1401 3140 in
1415 3094 1487 3142 con-

318 3180 459 3243 trahendo
474 3180 562 3242 deest.
581 3177 662 3243 Tunc
682 3182 758 3244 enim
774 3190 859 3244 actus
880 3196 937 3244 nun
958 3190 1005 3243 est
1024 3181 1188 3253 humanum
1202 3195 1237 3241 ac
1251 3177 1371 3255 proinde
1392 3192 1486 3238 causa

319 3278 511 3354 desideratur,
530 3292 605 3354 quae
626 3278 794 3341 relationem
809 3278 890 3340 illam
906 3278 1017 3357 gignat,
1033 3285 1151 3355 propter
1172 3292 1261 3354 quam
1275 3276 1346 3337 ordo
1360 3273 1489 3337 rationis

316 3375 523 3455 obligationem
538 3374 669 3453 imponit.
685 3374 731 3437 Ex
746 3378 804 3438 boc
818 3376 914 3453 capite
929 3376 1022 3440 valori
1037 3382 1205 3439 contractus
1221 3375 1377 3452 opponitur
1390 3373 1491 3435 ebric-

316 3482 374 3548 tas,
390 3473 435 3536 vel
455 3472 609 3547 dementia,
627 3472 672 3535 vel
690 3473 830 3551 pueritia3
845 3482 897 3536 aut
911 3475 967 3548 vis,
981 3490 1057 3553 qnae
1070 3474 1109 3535 ad
1124 3487 1297 3536 consensum
1311 3480 1492 3549 extorquen-

317 3573 387 3634 dum
409 3572 518 3633 iniuste
539 3572 688 3634 inseratur.

357 3668 400 3752 De
421 3669 628 3735 codxsistentia
649 3684 719 3732 vero
741 3669 835 3731 mutui
856 3685 1026 3750 cousensus,
1048 3685 1095 3732 res
1117 3684 1170 3747 per
1190 3685 1223 3731 se
1243 3668 1402 3745 conspicua
1425 3674 1489 3730 est:

364 3871 398 3933 (1)
414 3862 534 3922 Concedit
549 3872 701 3921 Heineccins
718 3880 821 3937 pactum
839 3890 855 3923 a
870 3880 1001 3923 contractu
1019 3890 1063 3937 per
1080 3888 1107 3923 se
1124 3889 1177 3923 non
1192 3874 1368 3934 discriminari;
1385 3880 1413 3923 at
1430 3874 1495 3923 Pni-

318 3948 441 4000 fendorfio
453 3955 593 4002 assentitur
605 3952 792 4002 distinctionem
804 3952 915 4018 aliquam
926 3955 983 4020 inde
992 3955 1090 4013 baberi,
1098 3954 1166 4019 quod
1174 3970 1205 4003 ex
1213 3960 1299 4004 vetere
1307 3970 1356 4005 usu
1368 3955 1492 4018 loquendi

320 4036 473 4079 contractus
484 4032 514 4081 de
526 4033 557 4082 iis
569 4034 645 4081 rebus
656 4032 762 4093 dicatur,
774 4048 839 4097 qnae
855 4035 957 4099 proprie
974 4034 1056 4084 dictae
1071 4036 1261 4084 commutationi
1274 4050 1318 4085 seu
1337 4038 1494 4086 commercio

319 4113 379 4156 sunt
396 4110 526 4169 obnoxiae,
542 4126 592 4163 oon
609 4128 669 4162 vero
687 4113 717 4162 de
734 4113 773 4172 iis,
790 4128 856 4177 quae
872 4130 888 4163 a
910 4114 1067 4168 commerciis
1088 4115 1218 4173 recedunt,
1234 4115 1265 4164 de
1286 4116 1379 4179 quibus
1400 4118 1492 4179 potius

314 4195 427 4251 pactum
439 4189 536 4240 dicitur.
549 4192 598 4241 Sed
611 4208 685 4241 usum
701 4194 768 4241 huno
780 4209 830 4243 non
843 4195 906 4245 satis
917 4210 1007 4246 revera
1018 4195 1152 4259 probatum
1164 4196 1301 4260 comperio,
1309 4210 1367 4245 cum
1378 4203 1494 4261 utraque

316 4284 368 4319 uox
384 4269 526 4333 promiscue
543 4274 708 4321 communiter
724 4273 884 4325 adhibeatur.
