3159 4934
479 314 563 358 carnr
582 314 607 355 n.
621 314 662 356 ne
679 311 820 357 soctssitud
838 310 917 354 onvror
1228 294 1279 355 30t

112 432 209 496 blicae
236 430 385 494 felicitatis
412 430 577 491 animentur
597 438 626 491 et
651 427 805 505 prudentia
826 427 856 488 iu
884 426 973 487 rebus
994 424 1168 489 definiendis
1199 430 1280 486 tanta

110 536 242 608 utantur,
263 534 404 607 quantam
432 527 544 605 patitur
568 528 697 591 bumana
721 524 858 587 conditio.
885 544 903 581 a
918 521 1070 595 Quomodo
1094 522 1277 585 sterilitatem

110 637 217 701 terrae,
238 627 336 688 aiebat
348 622 480 700 Tacitus,
494 632 546 687 aut
566 624 672 687 nimios
692 624 802 686 imbres
817 630 869 683 aot
883 629 980 685 eetera
995 628 1117 683 naturae
1135 619 1222 692 mala,
1236 620 1279 682 ita

109 726 216 787 lorum
230 723 277 787 vel
290 723 446 787 auaritiam
457 719 672 786 dominantium
687 721 811 785 tolerare
825 719 973 783 debemus.
985 716 1068 783 Vitia
1078 726 1176 791 erunt,
1187 718 1278 780 donec

110 822 262 895 bominem
284 821 337 884 sed
356 836 451 899 oeque
470 818 1012 894 contiuua,etmeliorominterventu
1029 814 1280 895 parentemn.»
1306 838 1311 845 ·

154 916 219 982 107.
234 917 358 985 Laesae
376 913 549 984 maiestatis
563 931 656 983 noxa.
677 905 744 979 Hoc
764 916 853 979 etiam
869 915 1000 979 revocari
1015 921 1111 993 potest
1124 913 1275 993 obligatio,

110 1033 170 1081 noo
191 1017 327 1080 studendi
347 1016 431 1080 novis
451 1017 548 1089 rebus,
570 1030 637 1079 cum
658 1014 766 1078 iniuria
793 1014 909 1077 illorum
935 1013 987 1092 qui
1017 1028 1154 1091 suprema
1179 1020 1281 1075 aucto-

111 1117 198 1179 ritate
224 1115 369 1177 fruuntur.
391 1112 478 1177 Modo
505 1113 583 1176 enim
610 1112 740 1193 regimen
758 1111 923 1190 legitimum
949 1111 999 1184 sit,
1025 1116 1113 1189 atque
1143 1118 1280 1186 suprema

108 1215 308 1279 auotoritasa
334 1229 455 1293 persona
480 1213 578 1293 aliqua
607 1212 653 1276 vel
681 1220 765 1277 oootu
794 1212 871 1275 iuste
893 1212 1091 1289 possidonium
1121 1210 1279 1274 observan-

108 1312 181 1375 dum
202 1321 232 1376 et
253 1312 444 1376 reverendum
465 1319 519 1386 est,
540 1326 593 1374 nee
614 1310 752 1389 cuiquam
771 1309 840 1373 lieet
861 1309 1021 1388 quidquam
1047 1318 1149 1372 contra
1175 1310 1274 1387 ipsum

107 1410 284 1485 machinari,
303 1410 374 1489 quio
396 1409 532 1473 continuo
551 1412 581 1472 in
604 1408 809 1487 perduellionis
831 1417 861 1471 et
875 1408 1035 1486 impietatis
1050 1406 1162 1470 orimeo
1177 1408 1278 1469 ineur-

106 1513 163 1570 rat.
185 1505 249 1571 Nee
270 1523 339 1571 vero
360 1508 437 1596 ratio*
454 1507 506 1569 illa
526 1507 688 1586 quidquam
706 1505 793 1583 valet,
813 1521 872 1583 qua
886 1503 1055 1569 rebellionis
1076 1514 1232 1584 amatores,
1250 1511 1281 1568 ct

105 1608 255 1671 fortunam
275 1607 305 1668 io
326 1606 433 1671 melius
453 1618 568 1670 mutare
588 1606 746 1685 cupientes,
767 1606 805 1669 ad
826 1605 976 1684 proprium
999 1604 1155 1683 tegendum
1177 1606 1274 1667 scelus

107 1710 243 1778 utuntur,
263 1719 332 1767 cum
353 1706 450 1768 aiunt:
472 1704 561 1768 licere
581 1706 670 1767 etiam
691 1704 731 1779 vi,
753 1715 872 1783 propter
893 1703 1001 1766 bonum
1022 1716 1186 1783 commune,
1202 1705 1277 1781 regi·

107 1802 197 1864 minis
210 1803 334 1865 formam
348 1804 447 1865 minus
461 1804 620 1883 perfectam
635 1803 664 1865 io
679 1801 828 1865 meliorem
840 1810 1017 1865 convertere.
1030 1800 1106 1865 Nam
1122 1802 1152 1864 in
1169 1802 1277 1881 primis

106 1901 141 1963 hi
163 1901 297 1964 homiues
317 1900 407 1977 inepti
430 1907 497 1963 snut
517 1901 556 1963 ad
577 1900 719 1978 optimam
734 1899 884 1979 regiminis
898 1900 1022 1963 immam
1038 1900 1275 1973 diiudicandum

106 2015 161 2065 nee
183 1999 318 2078 publicae
341 1998 476 2063 felicitati
496 2000 625 2072 student,
645 2000 698 2062 sed
725 2014 796 2060 suae
816 1998 971 2061 dumtaxat
1001 1997 1130 2060 utilitati.
1153 1995 1275 2073 Deinde,

106 2100 202 2161 iorroa
223 2095 375 2176 regiminis
394 2111 451 2159 ooo
472 2105 518 2160 est
540 2097 622 2170 tanti,
643 2096 746 2175 quanti
767 2111 832 2159 earu
846 2095 1010 2159 faciendam
1025 2096 1141 2168 dicoot;
1164 2096 1271 2158 bouum

106 2196 185 2259 enim
207 2192 362 2258 societatis
383 2210 439 2257 ooo
462 2203 522 2257 tam
543 2194 751 2272 aperiectioue
765 2201 943 2272 structurae,
958 2209 1047 2271 quam
1062 2194 1100 2256 ab
1121 2195 1275 2257 honestate

106 2293 335 2372 gubernantium
351 2293 466 2371 pendet
487 2290 629 2371 Denique,
650 2308 687 2355 ex
703 2306 747 2371 eo,
767 2291 847 2371 qood
868 2290 927 2353 alia
948 2291 1100 2369 regiminis
1122 2291 1215 2353 forma
1239 2292 1278 2353 sit

107 2390 313 2469 praestantior,
334 2392 435 2469 nequit
456 2398 534 2454 certe
554 2390 668 2453 desumi
683 2390 758 2453 ratio
772 2390 813 2452 ad
824 2388 988 2467 legitimum
1006 2390 1190 2452 auctoritatis
1209 2405 1276 2467 pos·

107 2503 254 2551 sessorem
276 2488 464 2563 laedendum;
485 2488 540 2551 uisi
563 2488 676 2551 utilitas
696 2487 726 2549 io
747 2502 917 2565 supremum
940 2487 1116 2565 principium
1136 2488 1275 2565 operandi

105 2594 137 2649 et
158 2600 274 2648 morum
295 2586 427 2664 regulam
448 2588 578 2649 converti
600 2585 678 2649 velit.
693 2582 778 2659 Quod
794 2585 819 2646 si
841 2587 903 2659 irat,
918 2585 997 2647 nulla
1017 2585 1144 2665 amplius
1164 2588 1230 2649 iura
1244 2587 1273 2650 in

107 2684 246 2747 condeto
266 2685 396 2747 humano
417 2684 579 2748 stabilitate
600 2684 778 2763 gaudebuut.
795 2680 862 2746 Pari
883 2683 960 2745 enim
982 2683 1068 2747 modo
1088 2699 1133 2747 ex.
1156 2686 1278 2763 godini

107 2788 209 2859 posset
221 2781 324 2844 utilius
337 2798 400 2845 esse
415 2783 592 2859 reipublicae
606 2790 640 2843 ut
655 2780 784 2860 praedia,
798 2797 874 2860 quae
890 2798 966 2843 unus
980 2791 1031 2844 aut
1047 2782 1122 2844 alter
1136 2784 1276 2863 possidet,

105 2880 137 2941 in
160 2880 340 2942 honestiores
358 2880 579 2957 egentioresque
600 2881 681 2942 cives
694 2878 880 2953 dividantur;
894 2887 983 2957 atque
998 2880 1199 2958 magistratus,
1213 2897 1272 2960 quo

105 2976 158 3039 bio
179 2983 231 3039 aut
250 2976 301 3040 ille
321 2976 462 3055 iungitur,
476 2977 600 3040 doctiori
621 2984 650 3039 et
672 2976 853 3055 prudentiori
875 2978 1050 3040 conseratur.
1066 2976 1114 3041 Sio
1136 2981 1233 3042 cronia
1248 2981 1277 3043 in

106 3074 249 3138 societate
270 3075 425 3149 nutabunt,
445 3076 569 3154 quisque
582 3074 789 3153 expilationem
812 3076 952 3138 bonorum
974 3083 1026 3137 aut
1046 3076 1192 3139 iacturam
1214 3094 1277 3139 mu·

105 3173 186 3236 neris
207 3172 323 3236 timebit
345 3173 472 3236 assidue.

147 3268 213 3334 Neo
232 3270 339 3333 inscite
357 3271 425 3349 quis
445 3271 565 3334 obiiciat
587 3270 726 3349 populum
748 3286 803 3334 ooo
824 3284 890 3334 esse
908 3272 1060 3349 praedium
1082 3272 1201 3350 aliquod
1223 3280 1276 3335 aut

106 3366 208 3446 peou's,
223 3368 270 3431 eui
284 3369 386 3431 eadem
401 3376 575 3447 argumenta
589 3368 805 3431 accommodari
821 3368 941 3449 possint,
955 3386 1031 3447 quae
1045 3370 1169 3431 fiuntdc
1184 3371 1273 3433 rebus

106 3467 146 3529 ad
167 3468 375 3543 proprietatem
399 3466 619 3544 pertinentibus.
634 3464 712 3529 Nam
728 3466 777 3529 bie
793 3482 848 3529 ooo
870 3467 906 3529 de
921 3466 1028 3545 popolo
1043 3468 1149 3545 agitur,
1170 3468 1221 3531 sed
1238 3469 1273 3531 de

106 3565 299 3638 auctoritate;
319 3580 394 3643 quae
415 3573 494 3628 certe
513 3564 562 3627 ius
582 3565 731 3643 quoddam
746 3572 804 3639 est,
824 3576 854 3629 et
868 3565 1011 3643 possideri
1025 3573 1054 3627 et
1070 3566 1229 3627 transmitti
1245 3576 1276 3629 ct

107 3663 289 3727 haereditate
310 3663 376 3739 oapi
398 3670 503 3740 potest,
523 3663 611 3725 modo
631 3662 661 3725 id
677 3663 805 3741 legitime
820 3664 873 3725 fiat
886 3678 921 3726 ac
935 3662 997 3725 sine
1012 3662 1136 3726 aliorum
1152 3664 1273 3729 iniuria.

106 3758 215 3825 Fateor
233 3759 369 3840 equidem
390 3769 420 3823 et
440 3776 527 3839 saepe
547 3760 704 3834 inculcari,
718 3760 928 3823 auctoritatem·
941 3776 997 3822 non
1012 3776 1075 3823 esse
1090 3770 1208 3839 propter
1226 3762 1276 3825 bo·

104 3874 178 3922 oum
200 3860 257 3934 sui,
278 3860 329 3923 sed
352 3867 472 3937 propter
492 3859 600 3922 bouum
623 3858 782 3931 societatis,
801 3874 878 3937 quae
898 3858 963 3920 eius
978 3858 1069 3922 duotu
1090 3859 1119 3920 in
1140 3860 1274 3922 debitum

106 3958 196 4019 finem
218 3958 382 4035 promoveri
396 3958 491 4019 dehet.
505 3957 549 4019 At
567 3957 598 4019 id
619 3971 677 4018 uon
697 3955 820 4035 impedit
834 3957 990 4035 quominus
1011 3963 1044 4017 ut
1060 3958 1165 4019 bonum
1183 3958 1271 4019 etiam

106 4052 245 4129 subiecti,
264 4054 300 4116 ad
321 4054 405 4133 quod
423 4054 557 4133 pertinet,
577 4052 788 4127 consideretur,
809 4062 838 4115 et
859 4052 934 4115 iuris
956 4053 1072 4132 proprie
1092 4053 1165 4117 dieti
1186 4063 1273 4118 uatu-

155 4270 190 4330 (i)
209 4268 406 4327 Historiarum,
422 4267 463 4325 IV,
480 4251 516 4316 Π.
