3159 4934
509 647 655 726 CAPUT
681 649 930 729 sanctinum

257 826 296 877 un
321 815 509 878 tennemonn
534 829 658 878 annunt
684 828 783 878 enonr
811 827 988 879 onumtrnn
1012 829 1046 879 nr
1071 829 1174 880 umen.

173 999 323 1062 Pnnrrrro.
345 997 575 1062 Destinationem
595 999 723 1062 nominis
745 1001 774 1062 in
789 1000 847 1062 hac
861 1001 922 1062 vita
942 1016 1008 1062 eam
1029 1016 1094 1064 esse
1112 1001 1252 1079 diximus,
1265 1002 1305 1064 nd

130 1097 172 1160 ad
196 1097 327 1160 ordinem
353 1097 494 1159 moralem
517 1097 692 1159 servandum
716 1097 925 1176 tuendumque,
951 1113 1001 1160 seu
1023 1099 1061 1160 ad
1082 1099 1202 1161 virtutis
1224 1115 1307 1162 exer-

131 1195 235 1258 citium
258 1195 396 1256 intendat.
419 1193 452 1258 ld
481 1197 569 1256 homo
594 1195 686 1256 eflicit
713 1196 831 1257 actibus
852 1196 925 1269 suis,
952 1196 991 1258 ad
1010 1212 1086 1274 quos
1115 1196 1306 1274 explicandos

129 1293 310 1356 accedimus.
325 1289 388 1365 Qua
410 1291 439 1353 in
461 1307 493 1354 re
507 1293 580 1353 haec
601 1292 789 1368 potissimum
805 1293 991 1356 discutienda
1006 1302 1091 1356 sunt:
1114 1293 1138 1358 1.
1156 1293 1307 1367 Facultas,

130 1407 191 1468 qua
211 1390 285 1452 ordo
307 1389 426 1451 moralis
445 1388 600 1466 detegitur.
623 1387 660 1452 ΙΙ.
682 1386 833 1463 facultas,
854 1405 929 1468 quae
950 1399 1036 1453 actus
1064 1393 1192 1454 morales
1213 1391 1303 1454 elicit.

129 1487 182 1552 tlt.
198 1487 357 1565 Principia,
377 1501 453 1565 quae
474 1486 669 1548 moralitatem
691 1488 809 1550 actibus
828 1488 966 1550 humanis
981 1489 1162 1566 impertiunt.
1179 1487 1232 1553 fv.
1248 1487 1308 1551 lm·

131 1585 318 1662 putabilitas,
332 1599 407 1662 qnae
422 1585 531 1647 homini
548 1585 689 1662 competit
703 1594 839 1662 respectu
854 1595 974 1649 actuum
990 1588 1154 1650 moralium.
1167 1586 1204 1651 V.
1217 1587 1306 1651 Ratio

130 1683 228 1746 meriti
244 1685 289 1746 uel
303 1683 446 1762 demeriti,
460 1683 528 1747 inde
542 1684 696 1746 resultans.
714 1681 762 1748 Vl.
774 1684 936 1759 Passiones,
948 1703 1024 1764 quae
1040 1687 1236 1750 moralitatem
1252 1704 1304 1767 per

130 1799 166 1844 se
185 1797 241 1844 non
264 1783 382 1854 habent,
397 1781 448 1842 sed
471 1782 649 1859 participant
668 1799 703 1844 ex
726 1782 847 1846 rationis
868 1785 1000 1861 imperio.
1020 1784 1083 1849 Vll.
1099 1784 1229 1848 Habitus
1244 1803 1307 1849 mo·

129 1878 218 1953 tales,
229 1879 338 1957 quihus
350 1879 438 1942 homo
452 1879 489 1939 ad
502 1885 588 1941 actus
603 1879 728 1941 morales
743 1882 902 1944 exerendos
916 1883 1044 1945 iuvatur.
1061 1881 1117 1946 His
1133 1900 1201 1948 uero
1212 1886 1306 1948 omni·
1396 1883 1400 1892 '

127 1979 190 2040 hus
206 1977 383 2054 disceptatio
406 1977 618 2054 praemittenda
639 1984 684 2039 est
705 1978 741 2040 de
762 1978 928 2042 moralitate
947 1992 1068 2044 actuum
1090 1973 1295 2047 humanorum.

615 2253 784 2318 Annuaucns
806 2253 830 2318 1.

408 2383 458 2446 Dc
477 2377 657 2452 moralitate
677 2390 805 2450 actuum
824 2387 1041 2453 cremauerunt.

172 2561 222 2626 28.
243 2560 317 2644 Quid
339 2560 507 2630 moralitas.
530 2563 671 2627 Actiones
692 2566 849 2642 humanae,
864 2573 1008 2644 quatenus
1023 2567 1164 2630 honestae
1181 2569 1241 2631 sint
1256 2571 1303 2633 rel

129 2674 244 2740 turpes,
266 2661 391 2724 morales
411 2661 606 2739 appellantur.
629 2660 762 2726 lamrero
776 2663 929 2726 moralitas
944 2679 961 2725 a
976 2680 1060 2726 more
1077 2666 1227 2729 nominata
1242 2673 1304 2740 est;

129 2775 198 2822 mos
219 2767 328 2832 autern,
349 2775 453 2838 graece
473 2754 547 2834 ἦθος
567 2759 757 2823 multifariam
782 2761 878 2838 accipi
900 2760 983 2824 solet.
1006 2759 1083 2824 Nam
1105 2764 1135 2825 in
1156 2765 1305 2842 significa·

130 2859 211 2922 tione
230 2857 376 2919 latissima
398 2867 560 2936 usurpatur
581 2859 619 2920 ud
640 2859 816 2922 innuendam
837 2859 1055 2922 inclinationem
1072 2862 1247 2925 naturaliter
1260 2864 1304 2924 in·

129 2957 232 3034 sitam,
253 2962 481 3033 propterquam
503 2972 551 3018 res
572 2957 695 3034 quaevis
716 2956 753 3018 ad
776 2956 887 3019 similes
908 2965 995 3019 actus
1017 2957 1063 3019 rel
1085 2959 1229 3022 motiones
1250 2960 1306 3022 im·

128 3055 259 3133 pellitur.
279 3053 345 3118 Hac
371 3056 539 3133 acceptione
566 3055 689 3123 entibus
711 3055 800 3122 etiam
825 3056 1141 3130 rationelcarcntibus
1172 3064 1206 3119 ut
1234 3066 1303 3122 sunt

129 3153 229 3226 bruta,
249 3151 341 3214 immo
362 3153 450 3215 rebus
472 3153 561 3215 etiam
587 3143 723 3215 inanimis¹
745 3153 836 3216 tribui
860 3153 941 3217 solet.
963 3151 1013 3218 Sic
1037 3155 1177 3218 dicuntur
1204 3174 1303 3218 mores

128 3251 219 3332 coeli,
239 3270 340 3315 mores
360 3253 579 3328 animantium,
601 3263 630 3316 et
651 3263 747 3316 cetera
769 3253 947 3318 huiusmodi.
970 3253 1012 3316 At
1033 3255 1165 3332 pressius
1184 3256 1301 3319 entibus

130 3352 287 3413 dumtaxat
308 3351 420 3414 ratione
441 3351 583 3428 praeditis
603 3360 633 3414 et
652 3368 691 3414 ex
708 3351 904 3431 intelligentia
925 3368 961 3416 ac
982 3353 1132 3417 voluntate
1157 3355 1304 3433 operanti-

132 3451 189 3511 bus
208 3450 348 3513 tribuitur
368 3459 397 3513 et
418 3451 515 3514 varias
530 3451 759 3530 significationes
779 3451 882 3525 habet,
895 3466 970 3529 quae
984 3459 1152 3528 respectum
1174 3452 1300 3530 aliquem

130 3555 164 3610 et
175 3547 304 3609 ordinem
319 3548 429 3610 habent
443 3549 518 3612 iuter
533 3565 573 3611 se.
586 3546 663 3610 Nam
674 3550 821 3628 accipitur
837 3550 874 3612 ad
888 3549 1109 3627 exprimendam
1123 3550 1168 3612 vel
1180 3557 1302 3642 actuum
1316 3587 1336 3646 ,ιι
1414 3607 1417 3614 ,
1480 3614 1485 3625 ,

130 3646 274 3711 similium
295 3648 487 3725 frequentiam
511 3646 580 3726 (qno
600 3662 688 3710 sensu
714 3647 791 3710 idem
814 3655 899 3710 sonat
917 3653 1008 3725 atque
1033 3646 1304 3746 consuetudinem}

128 3744 178 3808 vel
199 3745 421 3822 dispositionem
443 3745 673 3823 facilitatemque
693 3745 844 3823 operandi,
864 3759 941 3823 qnae
961 3745 1064 3808 iisdem
1086 3739 1205 3821 ac'tlbn's
1219 3749 1326 3831 repeip.
1404 3790 1410 3814 f
1463 3776 1473 3807 ,ι
1500 3784 1504 3797 ·

129 3841 229 3905 tendis
256 3837 420 3920 acquiritur
441 3841 511 3922 (quo
538 3859 627 3906 sensu
648 3838 726 3905 idem
747 3851 793 3904 est
819 3848 909 3921 atque
930 3841 1078 3920 habitus);
1104 3841 1150 3905 vel
1178 3833 1307 3920 denique
1362 3884 1366 3896 -
1393 3879 1397 3886 ·

127 3941 298 4004 denominat
312 3941 460 4019 quoslibet
481 3950 567 4004 actus
588 3942 626 4004 ab
647 3948 752 4020 agente
766 3940 902 4003 rationali
917 3947 948 4002 et
961 3938 1054 4002 libero
1072 3940 1304 4016 proficiscentes,
1317 3970 1336 4014 ,ν
1395 3962 1398 3969 ·

128 4045 220 4118 prout
242 4039 310 4114 boni
331 4046 401 4100 sunt
423 4039 469 4101 vel
483 4039 563 4112 mali,
577 4055 703 4117 quornm
723 4045 803 4100 certe
823 4037 987 4115 frequentia
1007 4037 1163 4099 constitnit
1184 4053 1305 4101 consue·
1348 4041 1353 4055 '
1417 4040 1420 4051 '

127 4137 262 4200 tudinem
283 4146 314 4199 et
333 4145 455 4215 generat
474 4137 610 4199 habitunt
626 4145 704 4199 recte
718 4144 771 4197 ant
785 4151 876 4212 prave
890 4135 1039 4224 operandi.
1056 4131 1147 4199 Porro
1162 4152 1199 4198 ex
1213 4140 1321 4210 more·
1354 4214 1358 4227 Ι

129 4237 161 4297 in
173 4235 233 4296 hac
244 4234 348 4296 ultima
359 4233 571 4314 significatione
581 4241 714 4311 accepto,
724 4231 889 4295 eucratitas
899 4233 1078 4312 nominatur,
1087 4249 1163 4312 qnae
1173 4234 1215 4294 nil
1224 4233 1304 4296 aliud

130 4347 199 4395 esse
215 4331 343 4406 ridetur,
363 4331 419 4393 nisi
434 4331 579 4396 Actionis
600 4330 814 4396 convenientia
833 4329 883 4395 cel
900 4328 1116 4411 discrepantia
1134 4349 1155 4392 u
1174 4331 1303 4394 ratione.
