3159 4934
296 312 349 370 318
615 322 657 366 rus
675 322 801 365 neruum
819 340 829 349 -
847 320 915 365 nans
933 320 959 363 rr.
978 320 1019 363 rus
1037 295 1145 361 suanm

298 436 402 499 saltem
424 436 522 515 quoad
549 434 699 514 regiminis
720 434 875 497 exercendi
896 435 1028 497 sormam.
1050 433 1091 496 Ar
1119 448 1304 517 nequaquam
1325 431 1475 516 con-venit

282 530 477 607 auctoritati,
490 527 566 612 quide
588 540 647 595 mta
661 541 772 611 quanta
791 539 847 605 est,
862 530 924 593 sive
944 532 973 593 in
996 547 1028 593 se
1049 532 1110 593 sive
1128 531 1226 610 quoad
1247 530 1419 593 subiectum
1438 531 1473 591 in

293 648 354 711 quo
374 631 511 705 resideat,
531 632 616 693 unice
637 631 743 709 pendet
769 631 809 693 ab
828 630 1009 694 institutione
1032 630 1141 704 divina,
1154 629 1404 709 quemadmodum
1430 630 1474 693 de

295 729 497 792 ecclesiastica
518 728 693 792 auctoritate
713 728 865 806 contingit.

337 822 403 890 128.
426 824 602 889 Phanosrmo
623 822 849 889 aquatecta
868 825 1010 907 competit
1035 827 1175 906 potestas
1196 824 1342 901 coactiva,
1365 824 1473 887 etiam

295 920 398 1002 quoad
418 921 614 1002 inferendam
634 922 696 984 etet
715 922 916 985 materialem.

335 1018 422 1084 Proh.
443 1018 476 1083 ld
496 1036 554 1083 non
574 1028 620 1083 est
641 1020 696 1082 nisi
718 1020 903 1084 comllarium
927 1020 1128 1096 praecedentis
1150 1020 1366 1110 propositionis.
1382 1018 1470 1083 Nam

294 1119 408 1182 inutilis
422 1120 539 1182 omnino
558 1121 634 1184 toret
648 1118 754 1198 triplex
767 1120 821 1183 illa
843 1127 984 1197 potestas,
999 1120 1054 1181 nisi
1068 1120 1115 1183 ios
1136 1120 1224 1183 ctiam
1241 1119 1398 1182 haberetur
1416 1135 1472 1182 eo·

295 1218 381 1296 geddi
403 1225 590 1281 contumaees
604 1218 641 1281 ad
656 1219 872 1282 observantiam
892 1218 1001 1297 legum,
1016 1208 1237 1295 etii‘piimeooi
1258 1225 1380 1281 conatus
1399 1232 1473 1281 ma-

295 1316 392 1379 lorum
407 1316 568 1390 bominum,
578 1316 630 1395 qui
644 1331 745 1378 earum
759 1315 985 1396 applicationem
1000 1316 1143 1393 impedire
1153 1324 1183 1377 et
1193 1314 1325 1378 ordinem
1340 1316 1469 1379 turbare

294 1414 433 1480 nitantur.
445 1411 527 1488 Quod
548 1422 649 1476 autem
663 1416 721 1476 hoe
735 1416 782 1476 ius
803 1415 840 1476 ad
856 1414 915 1476 vim
929 1422 1080 1476 externam
1095 1421 1126 1482 et
1140 1412 1323 1477 materialem
1337 1396 1468 1477 infer'dn-

294 1512 363 1575 dam
378 1527 411 1575 se
424 1511 571 1587 extendat,
586 1511 772 1574 manifestum
788 1520 848 1574 est:
864 1519 926 1574 tom
942 1512 1081 1589 quianon
1096 1512 1182 1575 aliter
1200 1520 1286 1575 aetus
1300 1514 1466 1575 exteriores

189 1592 197 1611 ⁸
289 1588 422 1673 bominis
435 1610 567 1673 cohiberi
588 1617 724 1687 possunt;
739 1618 802 1673 tum
823 1610 891 1687 qnia
914 1610 1024 1672 crimen
1041 1625 1109 1671 uum
1130 1609 1198 1671 iude
1211 1610 1368 1683 habeatur,
1381 1610 1464 1689 quod

220 1703 233 1787 ’ῃ
293 1708 381 1772 bomo
395 1708 557 1770 sensitivus
571 1708 706 1785 insurgat
720 1716 821 1770 eontra
836 1708 988 1781 rationem,
1004 1708 1032 1769 in
1047 1714 1162 1785 partem
1177 1707 1272 1786 ipsam
1288 1708 1463 1771 sensitivam
1523 1722 1525 1729 ’

232 1799 271 1889 Κ,
292 1806 455 1893 auctoritas
475 1820 594 1883 reagere
613 1805 709 1879 dehet,
724 1806 761 1868 ad
781 1805 987 1883 aequilibrium
1008 1806 1119 1868 ordinis
1139 1805 1365 1868 restituendum.
1391 1749 1517 1903 y

293 1890 314 1897 '⁵
336 1900 402 1967 129.
425 1902 600 1967 Pnoeosrrro
620 1901 665 1965 5⁸.
680 1900 840 1967 Ecclesiae
860 1904 1002 1983 competit
1022 1904 1073 1967 tas
1088 1904 1297 1985 proprietatis
1317 1920 1369 1967 sea
1382 1920 1459 1983 pas-

293 1998 416 2065 sideuolt
436 1999 591 2063 stabiliter
610 1999 691 2065 bona
713 1990 903 2080 temporalia.

333 2097 421 2162 Proh.
438 2096 469 2161 Si
490 2114 630 2178 personae
651 2100 829 2175 individuae,
844 2109 877 2162 ut
897 2100 972 2162 alias
993 2100 1187 2177 ostendimus,
1204 2102 1232 2165 vi
1254 2108 1370 2163 naturae
1385 2117 1462 2180 gau-

294 2199 364 2261 dent
377 2198 441 2260 iure
455 2198 650 2275 proprietatis,
665 2214 718 2261 seu
733 2198 903 2275 possidendi
919 2200 992 2262 bona
1008 2198 1193 2277 temporalia3
1210 2200 1241 2261 id
1256 2200 1463 2278 multomagis

273 2297 330 2359 de
344 2303 428 2360 coetu
451 2296 590 2375 plurium,
605 2298 657 2376 qui
671 2298 839 2361 societatem
861 2298 1025 2372 edormant,
1040 2297 1196 2361 dicendum
1217 2306 1272 2361 est.
1289 2298 1354 2363 Non
1375 2298 1464 2363 modo

294 2394 364 2473 quia
377 2394 406 2455 iu
422 2393 590 2458 collectione
604 2395 732 2473 plurium
753 2411 870 2458 summa
886 2398 1030 2459 conflatur
1044 2397 1153 2459 iuriam
1175 2396 1368 2476 singulorum,
1384 2413 1462 2476 quae

295 2493 340 2555 sic
360 2492 389 2554 in
406 2507 496 2554 unum
517 2501 721 2571 coagmentata
741 2494 827 2571 longe
848 2492 974 2556 validius
988 2493 1035 2555 ius
1050 2494 1198 2567 exhibent,
1211 2510 1302 2573 quam
1318 2494 1462 2557 elementa

293 2590 408 2668 singula
436 2606 568 2654 seorsum
598 2600 732 2669 accepta3
753 2592 913 2655 sedetiam
936 2591 1005 2671 quia
1026 2592 1092 2671 ipsa
1121 2593 1257 2667 societas,
1277 2593 1362 2655 iuxta
1383 2592 1463 2671 leges

293 2689 428 2766 propriae
447 2697 570 2753 naturae
596 2696 625 2753 et
646 2690 776 2768 originis,
797 2690 844 2751 ius
866 2691 956 2753 hahet
977 2704 1009 2751 se
1037 2690 1230 2775 conservandi
1228 2696 1281 2777 ,et
1301 2690 1462 2755 adhibendi

292 2785 399 2859 media,
413 2787 476 2850 sine
496 2787 605 2864 quihus
626 2788 791 2851 muservari
813 2804 869 2852 non
891 2795 1000 2868 posset.
1015 2780 1160 2861 Quodsi
1169 2788 1200 2850 id
1222 2774 1404 2867 probitatis
1415 2806 1462 2853 so·

293 2883 398 2947 cietate
418 2885 535 2960 militat,
554 2885 668 2949 fortiori
687 2886 752 2949 iure
772 2885 881 2963 militat
896 2902 949 2964 pro
963 2884 1109 2959 Ecclesia
1133 2886 1417 2972 cuiosexsistentia¹
1431 2892 1462 2947 et

292 2983 474 3065 conservatio
493 2984 662 3047 immediata
678 2981 731 3048 Dei
753 2985 934 3073 ordinatione
949 2984 1064 3059 nititur,
1078 2992 1108 3047 et
1127 2982 1212 3047 cuius
1233 2999 1342 3061 scopus
1364 2984 1460 3063 magis

292 3077 423 3154 interest,
438 3096 527 3159 quam
548 3098 655 3160 scopus
676 3080 797 3147 alterius
816 3072 976 3146 'cuiuslibet
997 3082 1156 3146 societatis.
1173 3082 1215 3145 At
1237 3082 1462 3151 vere·Ecclesia

292 3179 354 3241 sine
369 3178 546 3257 proprietate
560 3196 613 3243 nec
628 3196 699 3244 suae
719 3181 934 3245 conservationi
948 3188 978 3243 et
997 3180 1203 3253 incolumitati,
1220 3195 1275 3243 nee
1297 3180 1359 3259 fini,
1374 3196 1461 3260 quem

291 3276 425 3351 intendit,
440 3278 512 3340 satis
536 3278 702 3358 prospicere
724 3286 830 3357 posset.
853 3277 1001 3342 Plurimae
1015 3278 1091 3341 euim
1113 3288 1256 3356 expensae
1276 3279 1461 3341 necessariae

293 3375 351 3453 ipsi
366 3384 445 3450 sunt,
459 3383 523 3437 tum
537 3375 574 3437 ad
586 3375 675 3437 divini
691 3376 799 3455 cultus,
813 3376 865 3455 qui
876 3384 1018 3439 externus
1032 3382 1079 3439 est
1093 3385 1122 3439 ct
1134 3374 1270 3454 visibilis,
1284 3382 1423 3437 ornatum
1434 3382 1464 3437 et

294 3473 553 3552 magnificentiam,
568 3480 630 3535 tum
645 3474 683 3535 ad
697 3474 856 3549 ministros,
870 3476 979 3553 quihus
994 3474 1096 3550 utitur,
1110 3474 1315 3538 convenienter
1330 3474 1460 3547 alendos,

293 3571 375 3634 iuxta
390 3571 571 3650 singolorum
592 3577 746 3635 munerum
760 3574 937 3652 exigentiam
958 3580 988 3636 et
1002 3573 1185 3652 dignitatem,
1200 3579 1234 3634 ut
1247 3572 1291 3634 'sic
1306 3587 1339 3634 se
1354 3572 1460 3633 immu-

291 3686 344 3733 nes
355 3678 471 3738 servent
483 3672 522 3734 ah
535 3673 614 3735 omni
629 3659 742 3735 terreno
757 3671 871 3751 negotio
886 3677 914 3735 et
928 3672 1026 3736 divino
1041 3672 1134 3735 cultui
1144 3687 1179 3733 aa
1191 3671 1279 3733 saluti
1294 3671 1459 3733 animarum

292 3767 378 3830 unice
398 3776 516 3843 vacent;
530 3771 593 3832 tum
613 3770 737 3848 denique
758 3770 797 3832 ad
817 3770 1037 3833 beneficentiam
1059 3769 1252 3833 exercendam
1267 3784 1338 3847 erga
1354 3769 1457 3832 fideles

292 3878 436 3942 pauperes
456 3866 502 3929 vel
522 3866 665 3941 infirmos,
680 3874 769 3945 atque
790 3867 847 3945 piis
867 3868 1099 3932 institutionibus
1120 3861 1363 3932 subveniendum.
1379 3864 1458 3931 Haec

291 3968 388 4023 autem
411 3964 573 4040 proprietas
582 3966 708 4051 subtilis
721 3982 785 4029 esse
807 3966 894 4029 debet
908 3974 937 4028 et
958 3968 996 4029 ab
1017 3956 1094 4031 omni
1115 3964 1457 4051 impedimentolibera3
1559 3958 1560 3963 ’

292 4061 505 4153 secus-media,
526 4062 690 4141 dequibus
711 4063 869 4143 loquimur,
884 4064 995 4126 ineerta
1015 4070 1123 4137 essent,
1145 4062 1289 4141 precaria,
1310 4069 1401 4141 atque
1420 4060 1459 4123 ah
1559 4066 1560 4071 ’

292 4152 578 4222 aliorumvbluntate
592 4161 756 4238 pendentia,
770 4161 849 4240 quod
872 4160 1024 4224 securitati
1038 4167 1068 4225 et
1081 4160 1210 4225 libertati
1228 4156 1380 4225 Ecclesiae
1394 4173 1460 4223 ma·
1559 4224 1560 4229 ,

294 4266 422 4331 gnopere
442 4254 622 4318 adversatur.
