3159 4934
259 368 343 412 curus
362 369 395 411 ut
414 364 902 421 nnsocrsrursnrtururosr‚nru1nun
921 366 1043 411 sccussru
1181 356 1231 413 att

62 481 195 560 plurium
217 497 406 561 personarum
427 484 563 546 inunum
579 482 816 557 coalescentium,
831 484 870 545 sit
885 483 1012 546 validius
1027 482 1078 563 (l).
1099 483 1234 574 lipsano,

62 579 90 641 si
112 596 236 658 corpora
258 579 379 644 moralia
405 580 556 658 possidere
577 596 633 643 non
655 590 794 659 possunt;
815 597 868 644 cur
892 582 922 644 id
944 582 984 669 de·
1000 581 1066 659 ipsa
1092 583 1234 646 societate

62 678 146 742 civili
166 678 447 761 nondicitmcpuee
461 679 594 769 prolecto
608 694 664 741 non
683 666 1096 761 estcnmusphtsmum‘sed
1105 680 1232 757 mo'ralet

64 774 174 840 Fateor
193 775 329 854 equidem
351 768 584 840 consociationes'
602 776 731 840 minoies
746 778 850 840 maiori
864 793 930 840 esse
944 768 1103 851 subiectas,
1118 794 1234 841 earum·

62 891 124 952 que
145 874 209 935 iura
230 875 268 935 ab
289 875 345 936 hac
368 875 534 952 temperari.
550 872 607 937 Sed
621 874 651 937 in
673 874 778 953 primis
799 882 1060 953 temperamentum
1082 892 1233 955 nunquam

63 977 167 1049 potest
186 987 249 1034 esse
264 971 332 1045 tale,
348 980 380 1035 ut
401 974 500 1050 ipsum
521 973 568 1034 ius
587 973 709 1052 adimat,
727 982 780 1035 aut
800 973 899 1052 aliqua
921 974 1033 1036 ratione
1055 976 1233 1053 praepediat.

63 1065 189 1141 Deinde,
208 1067 239 1130 id
259 1068 356 1131 locum
378 1070 468 1134 hebet
490 1078 626 1149 respectu
647 1072 822 1135 societatum
836 1070 968 1135 eiusdem
983 1072 1105 1147 ordinis,
1119 1081 1149 1135 et
1162 1088 1236 1151 qua-

67 1182 135 1228 rum
149 1168 222 1229 fines
237 1168 288 1228 lini
310 1166 400 1241 illius,
421 1182 496 1247 quae
517 1170 686 1253 meliorest,
707 1170 883 1232 subduntur.
906 1167 964 1233 Sed
985 1170 1097 1233 nullam
1114 1171 1175 1232 vim
1189 1187 1236 1233 re·

67 1263 142 1325 tinet
155 1273 290 1342 respectu
306 1268 490 1346 societatum,
502 1281 576 1342 quae
589 1266 645 1328 etsi
660 1266 799 1341 minores,
811 1276 907 1329 tamen
920 1275 989 1330 sunt
1003 1267 1110 1331 diversi
1123 1267 1234 1330 ordinis

66 1370 96 1425 et
111 1363 200 1424 tinem
214 1362 448 1427 excellentiorem
470 1364 639 1442 respiciunt.
661 1362 758 1440 Quare
781 1364 957 1445 principium
980 1364 1083 1427 illuda
1106 1365 1235 1443 politicis

65 1459 210 1537 applicari
230 1461 339 1538 optime
354 1468 450 1538 potest
470 1461 627 1524 consortiis
647 1477 726 1525 mere
746 1462 883 1526 civilibus
902 1468 932 1524 et
952 1462 1109 1535 humanis;
1131 1463 1236 1540 quales

66 1564 135 1621 sunt
158 1558 314 1621 societates
332 1559 370 1620 ad
384 1559 570 1639 industriam,
592 1560 812 1633 commercium,
832 1560 958 1634 litteras,
979 1567 1031 1622 aut
1052 1560 1234 1624 consimilem

65 1655 156 1717 aliam
177 1655 334 1718 utilitatem
355 1663 499 1719 terrenam
522 1657 755 1734 spectassent
776 1657 902 1735 pessime
920 1655 1087 1737 applicatur
1102 1658 1237 1721 coetibus

65 1752 225 1830 religiosis,
239 1753 292 1831 qui
303 1754 436 1817 altiorem
450 1755 591 1833 originem
606 1756 725 1830 hubent,
735 1763 765 1818 et
778 1772 835 1818 non
851 1756 930 1818 civili
945 1757 1050 1836 ordini,
1065 1757 1117 1820 sed
1131 1754 1235 1820 Eccle-

65 1851 128 1912 siae
145 1855 259 1912 tantum
275 1852 411 1927 potestati
426 1851 630 1915 subiiciuntur.
646 1849 741 1916 Multo
756 1859 854 1916 autem
869 1853 967 1916 miuus
981 1854 1123 1932 applicari
1138 1861 1237 1932 potest

65 1947 225 2010 universali
246 1947 406 2023 Ecclesiae,
428 1964 504 2026 qnae
524 1949 720 2026 independens
746 1951 863 2014 omnino
884 1959 932 2014 est
951 1952 989 2014 ab
1010 1951 1089 2014 omni
1110 1950 1168 2015 alia
1190 1967 1238 2015 so·

64 2045 182 2125 oietate,
208 2054 270 2109 turn
300 2053 418 2125 propter
442 2046 644 2109 excellentiam
669 2047 746 2123 linis,
774 2055 838 2111 turn
865 2057 985 2127 propter
1013 2049 1236 2128 amplitudinem

64 2144 256 2218 extensionis,
278 2149 340 2206 turn
361 2144 485 2223 denique
505 2152 625 2223 propter
647 2147 860 2223 praestantiam
882 2147 1017 2226 originis.

112 2410 150 2471 (l)
166 2409 292 2472 Apposite
308 2409 463 2459 clarissimus
474 2409 598 2459 Riocerdi.
615 2410 660 2461 «ll
677 2410 764 2459 diritto
776 2410 895 2460 solidet-io
907 2410 930 2459 di
943 2410 1014 2460 molti
1026 2409 1111 2459 riuniti
1124 2425 1174 2459 non
1186 2412 1237 2473 pud

65 2503 155 2538 essere
170 2488 268 2537 minore
285 2488 309 2537 di
326 2488 409 2552 quello
420 2489 443 2538 di
462 2505 494 2538 un
512 2489 573 2547 solo,
590 2504 661 2538 come
678 2488 695 2537 il
711 2490 798 2539 diritto
810 2489 834 2539 di
846 2505 881 2539 un
893 2489 1012 2551 religioso
1025 2503 1074 2537 nou
1086 2492 1137 2553 pud
1150 2504 1237 2537 essere

65 2569 167 2618 minore
183 2568 208 2617 dr
224 2566 307 2631 quello
324 2568 349 2617 di
365 2584 399 2617 nn
415 2570 487 2618 laico.
499 2568 562 2625 Quel
578 2568 624 2617 che
639 2568 665 2617 ri
682 2568 753 2632 piace
770 2570 795 2618 di
813 2569 944 2618 nominare
962 2583 996 2616 un
1013 2582 1092 2632 corpo
1108 2566 1238 2628 morales

65 2656 200 2713 composto
217 2650 242 2699 di
258 2650 354 2698 nomini
365 2650 436 2709 deici,
452 2649 477 2698 di
488 2650 601 2699 cittedini
613 2648 700 2699 sociali
718 2664 790 2698 come
807 2649 841 2711 gli
858 2648 952 2700 altrill
969 2648 1081 2711 collegio.
1094 2648 1110 2697 il
1121 2648 1238 2710 capitolo,

65 2731 83 2779 il
100 2736 234 2788 convento,
249 2730 265 2779 il
283 2731 336 2779 cosl
352 2727 423 2778 detto
440 2744 517 2793 corpo
533 2728 629 2778 morale
645 2744 697 2778 non
714 2730 728 2779 e
744 2730 791 2777 che
802 2744 854 2780 uua
869 2728 943 2779 lecita
954 2729 986 2777 ed
997 2734 1089 2777 onesta
1105 2728 1238 2778 adunenza

65 2811 92 2860 di
109 2810 249 2859 eltrettenti
266 2810 356 2874 privati
374 2810 495 2871 cittedini,
512 2812 560 2861 che
569 2817 678 2875 portuno
689 2810 714 2861 al
726 2825 805 2875 corpo
821 2812 829 2859 i
846 2810 900 2860 loro
912 2810 992 2861 diritti
1004 2809 1123 2860 naturali.
1135 2810 1171 2860 La
1182 2809 1237 2860 loro
1316 2822 1317 2827 ’

66 2890 162 2939 unione
177 2890 202 2939 in
218 2890 300 2941 soccia
317 2890 367 2939 alle
382 2889 457 2953 legge
473 2889 542 2941 nulla
556 2890 685 2955 oggiuuge
702 2907 716 2939 e
733 2890 802 2939 nulla
817 2889 895 2953 toglie
911 2888 937 2939 al
950 2891 1043 2948 dirimo,
1060 2891 1106 2939 ohe
1123 2906 1239 2941 avevano

65 2977 281 3035 separatamente‚
291 2970 347 3021 solo
359 2972 405 3020 che
417 2972 434 3021 il
446 2971 532 3021 diritlo
543 2971 734 3034 degl'iudiridui
747 2973 767 3020 ei
779 2970 897 3021 risolvss
911 2971 931 3020 si
943 2970 1088 3021 costituisce
1101 2970 1142 3019 nel
1153 2984 1238 3034 corpo.

65 3053 84 3099 ll
101 3052 190 3102 diritto
200 3052 294 3101 riunito
307 3052 346 3101 dei
364 3051 458 3115 singoli
472 3051 585 3115 religiosi
602 3051 684 3101 forms
694 3050 777 3115 quello
794 3050 833 3100 dei
850 3051 930 3113 cor-pi,
940 3050 1024 3115 quello
1040 3050 1066 3099 di
1077 3050 1154 3100 tottii
1168 3050 1238 3114 corpi

65 3131 212 3181 costituisce
223 3132 307 3195 quello
328 3131 394 3182 della
404 3131 504 3192 Chiese3
521 3145 592 3180 come
609 3146 636 3180 ee
651 3131 720 3179 fosse
737 3145 789 3179 nne
805 3130 859 3179 sole
876 3144 998 3193 persona3
1011 3128 1084 3180 else
1099 3130 1183 3180 infetti
1192 3145 1239 3193 pet·

65 3210 90 3262 le
105 3227 154 3261 sna
171 3212 265 3261 unione
281 3213 308 3261 in
325 3212 409 3263 cristo
424 3227 440 3261 e
456 3211 496 3260 nel
514 3224 611 3260 sommo
627 3210 756 3259 Pontedce
772 3210 819 3260 che
835 3217 1004 3274 reppresente
1020 3211 1110 3260 Gristo.
1127 3209 1147 3258 Il
1166 3210 1238 3273 prin-

65 3292 132 3357 cipio
148 3293 163 3342 ὁ
178 3295 233 3342 oosl
249 3291 418 3356 regionevole‚
435 3292 481 3341 ohe
492 3306 544 3340 non
560 3291 595 3340 he
610 3295 700 3354 potuto
716 3304 802 3339 essere
813 3290 972 3353 impugnato,
983 3290 1039 3339 euri
1055 3288 1237 3338 econtermeto

65 3373 108 3421 dai
124 3372 167 3437 piri
185 3372 249 3422 docti
270 3369 451 3435 giurecousulti
474 3370 539 3420 delle
553 3376 637 3419 stesss
658 3370 747 3430 oresio,
763 3366 870 3432 capitale
893 3370 993 3418 nemice
1009 3368 1034 3417 di
1055 3368 1114 3417 tutti
1130 3368 1137 3415 i
1158 3366 1237 3416 diritti

66 3452 132 3502 della
147 3452 240 3502 Clrieso
261 3452 379 3501 eattolica
394 3466 510 3502 romano.
526 3451 644 3501 Gisberto
660 3450 726 3501 Vodt
742 3451 880 3500 efformare
895 3450 920 3500 lo
940 3456 1023 3499 stesso
1040 3448 1170 3513 principio,
1187 3462 1234 3497 ove

66 3534 121 3584 dice
137 3533 221 3593 (Polit.
236 3532 304 3583 Eccl.
325 3532 357 3582 de
375 3532 454 3595 pecul.
479 3545 530 3581 eco.
552 3532 622 3592 o.1):
640 3531 742 3580 Fideles
763 3539 831 3579 sunt
850 3531 972 3579 membra
994 3528 1105 3583 Christi,
1127 3535 1151 3577 et
1172 3534 1238 3575 sunt

66 3627 156 3661 unum
178 3628 241 3661 cum
264 3612 314 3661 illo
335 3628 432 3675 corpus
455 3611 626 3675 mysticum...
651 3611 776 3659 Christus
797 3624 859 3673 erpo
883 3617 909 3657 et
929 3609 1047 3657 Ecclesia
1068 3607 1238 3655 constituunt

65 3707 155 3741 unam
167 3708 312 3755 personam
328 3692 481 3757 mysticam,
498 3699 530 3739 ut
546 3692 671 3753 loquitur
690 3690 827 3739 Thomas..
843 3697 868 3738 et
884 3690 947 3736 ltine
965 3688 1092 3751 estquod
1108 3688 1176 3735 dona
1192 3687 1238 3735 Ee·

64 3774 162 3823 clesiae
176 3775 368 3835 autmemlm‘s
392 3773 494 3822 Christi
509 3774 617 3827 collata,
631 3773 736 3822 Christo
753 3772 851 3820 collato
869 3770 1009 3819 dicuntur.
1029 3769 1063 3819 Se
1075 3769 1159 3832 questi
1178 3768 1237 3817 beni

64 3853 187 3917 adunque
203 3870 250 3904 son
266 3854 320 3903 dati
336 3870 352 3903 a
368 3854 459 3913 cristo,
476 3852 523 3902 che
541 3852 622 3900 forme
638 3866 690 3899 une
706 3851 760 3899 sole
776 3866 790 3898 e
804 3856 886 3899 stesso
897 3862 1007 3912 persona
1019 3847 1082 3897 colle
1098 3847 1201 3907 chieso3
1212 3846 1238 3897 la

63 3933 225 3997 proprietas
241 3939 309 3983 tutte
325 3932 349 3983 di
368 3939 459 3995 queste
475 3944 549 3981 sacro
567 3943 678 3994 persone
694 3930 748 3979 oioe
767 3928 833 3979 della
849 3928 949 3987 chiesa,
967 3928 1006 3977 cui
1023 3932 1063 3977 ste
1081 3926 1206 3976 vincoleto
1223 3941 1237 3974 e

63 4013 145 4062 rit'uso
161 4012 178 4061 it
195 4013 281 4063 diritto
298 4012 338 4062 dei
354 4010 446 4075 singoli
462 4010 575 4059 membri.
592 4009 683 4065 Quindi
699 4007 724 4056 le
740 4007 831 4057 chiesa
848 4005 903 4056 sole
919 4021 954 4055 ue
971 4008 1021 4069 pud
1037 4006 1153 4067 disporre
1168 4006 1240 4069 legit·

63 4094 213 4142 timamente
229 4092 268 4141 col
286 4106 371 4141 mezzo
387 4092 427 4140 dei
444 4091 498 4154 cepi
515 4089 627 4153 preposti
643 4086 691 4137 alle
709 4086 808 4136 diverse
825 4086 1029 4149 corporationis
1046 4085 1086 4134 col
1097 4098 1182 4133 mezzo
1195 4086 1235 4135 dei

63 4174 183 4233 Vesceri‚
198 4172 285 4237 giusta
301 4173 309 4222 i
326 4173 416 4221 canoni
432 4169 497 4221 delle
512 4168 651 4218 medesime
667 4161 766 4223 chiesa
781 4170 937 4229 soprettutto
949 4165 988 4215 ool
1000 4180 1084 4214 mezzo
1095 4180 1109 4213 e
1122 4164 1188 4215 uelis
1199 4166 1239 4215 di-

62 4255 194 4317 peodenze
210 4254 251 4302 del
269 4268 317 4302 suo
341 4252 421 4315 primo
439 4250 507 4314 Cepo
523 4246 673 4305 universale,
689 4245 704 4293 il
724 4245 842 4295 Romano
859 4243 997 4295 Ponteflce.
1008 4262 1022 4289 s
1044 4244 1145 4294 Gemiti
1165 4246 1238 4294 dello

66 4334 165 4384 Odiosa
182 4334 212 4383 di
230 4334 348 4397 Speque,
363 4346 422 4396 pag.
437 4330 475 4379 33.

125 4428 449 4482 Lmssssons-Etltiea
466 4436 490 4475 et
505 4428 550 4475 ius
566 4433 687 4473 naturae.
1143 4420 1174 4470 21
