3159 4934
32 374 134 408 awa
201 353 205 360 -
646 334 817 380 turnoou'crro
1140 322 1142 324 ’
1281 325 1315 382 13

13 435 125 532 ἢϊζζ,
141 455 175 510 et
198 449 458 528 speculationibus,
474 465 614 528 processu
629 450 780 528 temporis,
795 449 902 524 auctis,
916 449 1048 528 augescit
1063 450 1152 513 etiam
1172 467 1314 515 numerus

6 548 355 655 oolffjocoguitionum,
377 564 452 626 quae
479 548 626 611 obiectum
653 547 773 626 aliquod
801 548 961 626 attingunt,
983 548 1141 626 pluresque
1163 559 1314 627 respectus

1 629 332 744 'UJ'LQdeteguntuq
350 645 459 724 quilius
480 664 497 708 a
518 653 613 710 ruente
634 646 813 709 considerari
834 662 882 709 res
910 654 1014 724 potest.
1036 643 1113 708 Hinc
1134 661 1202 709 cum
1223 657 1310 710 antea

27 743 294 824 wobieotnm
309 742 381 806 illud
396 745 434 806 ab
444 761 501 806 una
515 744 589 808 forte
602 745 724 808 scientia
739 746 942 823 respiceretur,
953 751 1157 824 argumentum
1173 745 1311 824 deinceps

9 819 135 886 Maesta
143 841 336 918 suppeditare
356 841 459 920 incipit
474 842 608 919 pluribus
623 836 799 921 disciplinis}
814 851 848 906 ut
861 843 976 922 ingenia
990 843 1085 921 magis
1100 842 1311 908 determinatae

5 942 13 1027 Ἰ
45 907 287 1066 &materiae
315 940 426 1002 viritim
447 938 641 1017 applicentur,
664 955 767 1020 magno
788 942 977 1004 scientiarum
1002 940 1189 1005 incremento.
1211 942 1312 1021 Atque

0 1027 67 1118 gf,
142 1036 222 1098 haec
246 1044 289 1099 est
314 1037 437 1112 utilitas,
458 1052 543 1114 quae,
565 1046 597 1102 ut
621 1054 657 1101 ex
678 1039 833 1117 partitione
857 1040 983 1101 aliarum
1011 1038 1245 1116 disciplinarum,
1268 1041 1313 1102 sic

5 1199 15 1209 ,
22 1123 237 1246 &Qetiam
251 1150 267 1197 e
281 1135 467 1204 distinctione
482 1135 558 1200 iuris
572 1136 713 1198 naturalis
728 1138 765 1199 ab
779 1135 887 1200 Ethica
902 1136 1058 1216 colligitur.
1071 1135 1173 1210 Quoad
1188 1138 1311 1200 alteram

19 1291 24 1297 .
58 1223 70 1294 .’
85 1247 218 1312 ‘arguero
238 1241 360 1313 partem,
382 1233 516 1312 opinatur
530 1233 648 1297 Aureus
668 1233 718 1298 lus
739 1243 862 1298 naturae
882 1235 992 1298 ideirco
1006 1235 1149 1314 distingui
1164 1251 1181 1296 a
1196 1233 1309 1308 Murali,

1 1321 180 1430 &mut
205 1331 380 1408 impediatur
400 1347 436 1395 ue
456 1333 552 1396 civilis
574 1341 704 1410 potestas
725 1350 756 1398 se
777 1335 944 1396 immisceat
964 1335 992 1394 iu
1014 1333 1064 1407 iis,
1083 1349 1159 1411 quae
1179 1335 1218 1396 ad
1239 1335 1314 1396 inte·

36 1459 77 1496 m>
89 1429 254 1492 ebrioram
275 1431 423 1495 homiuem
445 1439 588 1510 spectant.
604 1430 660 1496 Sed
675 1432 748 1495 haec
769 1433 845 1495 ratio
858 1431 950 1495 lutilis
970 1438 1025 1494 est.
1041 1429 1118 1494 Nam
1140 1433 1195 1495 etsi
1217 1432 1314 1495 lorum

7 1513 291 1625 iffwff‘interuum
313 1536 487 1609 potestatem
509 1529 627 1594 civilem
649 1531 780 1610 excedat,
803 1530 959 1610 pluresque
978 1531 1068 1594 etiam
1093 1531 1153 1593 sint
1173 1538 1314 1594 externae

21 1627 284 1757 dwilsslmssesa
306 1627 407 1692 ditioni
429 1628 563 1706 politicae
577 1645 633 1691 nou
656 1630 815 1703 subiectae,
831 1636 932 1708 utpote
951 1645 1027 1707 quae
1041 1629 1077 1690 ad
1092 1629 1223 1691 ordinem
1239 1628 1314 1691 reli·

22 1711 48 1754 *²
77 1769 133 1833 mx.
140 1725 260 1804 glesum
276 1726 322 1788 vel
335 1727 527 1789 domesticum
543 1727 588 1790 vel
603 1742 681 1790 mere
696 1726 905 1790 individualem
916 1735 1063 1804 spectant;
1078 1734 1175 1789 tamen
1193 1727 1313 1788 admitti

22 1789 73 1902 ,iij
121 1837 204 1886 ·non
219 1831 313 1900 potest
327 1823 400 1885 uilrtl
414 1825 530 1888 omniuo
544 1825 581 1886 ad
597 1825 677 1887 illam
693 1826 838 1902 pertinere
851 1825 888 1887 de
903 1826 1002 1898 rebus,
1015 1840 1091 1902 quae
1104 1825 1142 1886 ad
1163 1825 1311 1887 internum

21 1908 107 1969 tul*
134 1911 292 1982 'hominem
313 1920 446 1983 attinent.
468 1919 500 1983 Si
520 1922 597 1984 euim
619 1921 715 1985 civilis
736 1930 867 1999 potestas
888 1937 945 1984 uon
965 1937 1088 1999 corpora
1109 1923 1238 1984 inanima
1260 1921 1314 1983 sed

1 2095 2 2098 Ἴ
48 2002 277 2080 L*erominas
292 2020 447 2097 gubernem
462 2019 582 2083 inlinere
597 2022 726 2098 proiecto
740 2020 827 2084 debet
841 2021 870 2082 in
884 2035 928 2098 ea,
944 2035 1018 2099 quae
1033 2036 1129 2084 mores
1150 2021 1313 2098 respiciunt

0 2130 2 2143 ³
38 2139 75 2178 aa
91 2111 170 2177 seer
187 2129 255 2176 cum
270 2116 426 2179 intentione
447 2117 595 2194 agentium
617 2118 801 2198 colligantur.
818 2117 907 2180 Aliud
929 2117 1005 2180 enim
1026 2119 1171 2197 estquod
1192 2120 1313 2183 morali·

21 2186 215 2319 ggQatis
236 2215 406 2276 constitutio
427 2222 456 2277 et
477 2215 617 2278 iudicium
639 2217 719 2280 civili
746 2217 884 2295 potestati
905 2231 962 2279 nou
983 2217 1141 2291 subiaceat,
1162 2215 1241 2279 aliud
1266 2228 1312 2280 est

14 2308 223 2390 liminaquod
245 2311 342 2374 civilis
363 2318 491 2389 potestas
507 2312 580 2373 nihil
594 2316 724 2378 conierre
743 2317 848 2378 debeat
868 2315 906 2376 ad
928 2315 1122 2378 moralitatem
1137 2331 1313 2378 conservan-

22 2381 213 2506 ‘ssffiam
233 2416 262 2472 et
285 2410 430 2471 tuendam.
453 2409 536 2474 Sicut
556 2410 635 2473 aliud
657 2421 701 2475 est
725 2414 804 2491 quod
825 2427 933 2490 corpus
960 2429 1017 2475 non
1038 2414 1140 2491 gignat
1168 2413 1312 2488 animum,

21 2505 223 2579 ‘aaudaliud
244 2517 288 2572 cst
308 2510 386 2588 quod
403 2519 557 2588 postquam
572 2511 668 2573 animo
682 2511 870 2572 informatum
885 2517 940 2584 est,
952 2509 993 2572 nil
1016 2516 1144 2586 praestet
1158 2510 1196 2571 ad
1211 2518 1312 2572 totum

7 2587 341 2724 ιςῗῗζωΐςθοοῐηροείῑυῐῑι
362 2610 522 2670 humanum
538 2608 567 2668 in
589 2608 649 2670 vita
670 2609 862 2670 retinendum.
878 2606 963 2670 Certe
979 2606 1096 2684 publica
1118 2613 1249 2684 potestas
1268 2609 1313 2669 in-

23 2707 110 2769 ,ent-
138 2705 266 2784 vigilare
286 2706 372 2768 debet
393 2721 427 2767 ne
448 2707 529 2768 cives
543 2705 580 2766 ad
603 2707 699 2782 turpia
714 2705 875 2780 declineut;
892 2713 955 2766 tum
977 2720 1027 2767 eas
1048 2706 1228 2769 conditiones
1243 2721 1312 2782 pro-

139 2819 258 2877 curare,
273 2819 348 2882 quae
361 2803 546 2881 explicationi
567 2801 740 2865 facultatum
762 2805 958 2866 humanarum
973 2803 1015 2865 ita
1029 2805 1137 2877 lavent,
1152 2811 1183 2866 ut
1205 2805 1261 2866 hae
1281 2805 1312 2865 in

138 2904 232 2963 tinem
253 2917 269 2962 a
291 2909 394 2964 natura
415 2902 559 2964 intentum
581 2910 814 2978 promoveantur.
836 2899 934 2976 Quare
961 2902 1024 2963 eius
1050 2903 1182 2979 operatio
1203 2918 1221 2963 a
1242 2917 1313 2964 con-

137 2999 326 3077 sideratione,
348 3015 422 3078 quae
444 3000 481 3061 ad
502 2999 682 3063 honestatem
707 2999 854 3076 publicam
876 3000 1030 3078 referatur,
1048 3001 1178 3078 separari
1200 3002 1311 3078 nequit.

62 3165 66 3172 ,
183 3095 313 3161 Tandem
329 3113 428 3161 assero
441 3097 588 3174 duplicem
604 3097 821 3160 distinctionem
837 3097 911 3160 inter
927 3095 976 3160 lus
992 3107 1112 3160 naturae
1126 3109 1155 3159 et
1169 3097 1311 3162 Moralem

6 3174 125 3272 “fust
135 3197 261 3277 probari
282 3212 375 3274 posse.
390 3195 490 3260 Prima
506 3204 560 3271 est,
577 3205 609 3258 ut
624 3195 755 3258 scientio
768 3193 908 3258 Mortalis
923 3197 1071 3258 hominem
1091 3195 1310 3270 consideratio

2 3261 286 3386 ‘gfflgquantum
306 3295 456 3358 individua
479 3310 600 3372 persona
621 3301 675 3365 est,
694 3294 872 3371 praecisione
893 3293 998 3354 mentis
1018 3310 1035 3354 a
1057 3299 1136 3354 statu
1158 3294 1258 3356 sociali
1282 3295 1311 3355 in

35 3399 202 3482 ,uimque
223 3400 372 3466 versatur,
387 3389 446 3455 Ios
461 3399 559 3454 autem
574 3394 709 3453 acturae
722 3391 870 3453 homiuem
885 3390 1111 3467 contempletur,
1126 3400 1213 3468 prout
1234 3391 1313 3454 rela-

2 3480 272 3570 'agnationum
293 3493 331 3555 ad
351 3490 425 3555 alios
445 3491 578 3553 homines
598 3491 634 3551 in·
648 3489 787 3552 societate
812 3490 950 3552 allicitur.
974 3488 1022 3554 Sic
1051 3496 1246 3568 congruenter
1266 3491 1313 3553 di·

1 3573 261 3700 Ἃζέζξε[ἰηιειίο
275 3591 351 3653 inter
365 3597 520 3666 utramque
535 3589 709 3661 haberetur;
723 3587 792 3650 licet
813 3587 907 3666 logica
930 3593 1044 3650 tautum
1066 3597 1095 3651 et
1115 3589 1153 3650 ob
1176 3588 1309 3651 ordinem

1 3680 317 3773 ,gqg'conquisita
333 3686 428 3751 Homo
448 3689 524 3750 enim
540 3701 643 3764 reapse
659 3687 714 3748 sub
735 3686 847 3764 duplici
861 3694 984 3762 aspectu
999 3685 1181 3748 considerari
1196 3692 1309 3762 potest:

12 3813 64 3852 nu
76 3785 286 3860 acerrimum,
308 3794 339 3848 ut
361 3785 511 3865 proprium
533 3787 620 3846 finem
642 3792 789 3862 spectans,
811 3785 891 3845 iuxta
912 3799 999 3862 quem
1025 3791 1200 3860 operaturus
1221 3791 1308 3862 esset,

8 3882 259 3964 ‚irwetiamsi
279 3883 360 3946 solus
381 3890 511 3946 exstaret
532 3883 561 3944 iu
583 3881 707 3955 mund03
729 3881 843 3954 deinde,
858 3888 890 3942 ut
904 3881 942 3942 ad
963 3880 1129 3943 convictum
1151 3895 1219 3943 cum
1241 3880 1309 3942 aliis

13 3951 154 4075 mffia
171 3989 278 4044 natura
294 3980 453 4044 ordinatur.
469 3979 546 4044 Hinc
561 3996 616 4042 uon
631 3980 776 4042 immerito
791 3979 898 4057 duplex
914 3978 1034 4040 scientia
1051 3978 1178 4042 discerni
1194 3988 1308 4059 posset:

5 4066 250 4163 cadumim
265 4086 294 4141 et
308 4077 359 4142 Ins
373 4086 509 4153 naturae;
526 4094 652 4157 quarum
667 4078 800 4154 superior
814 4077 943 4142 actiones
958 4075 1087 4138 hominis
1102 4077 1196 4154 primo
1211 4077 1310 4151 modo,

8 4165 16 4266 ἰ
35 4179 288 4264 tonsteriur
303 4177 431 4240 secundo
450 4175 706 4253 contemplaretur.
722 4174 771 4238 Sic
785 4174 933 4237 obiectum
947 4172 1080 4237 Etaieoc
1094 4183 1171 4238 esset
1186 4173 1308 4250 bouum,

4 4246 317 4370 “ffl'simpliciter
331 4276 511 4355 inspectum;
526 4275 672 4338 obiectum
687 4272 776 4338 Iuris
791 4282 869 4338 esset
882 4274 1010 4352 iustum,
1026 4275 1128 4338 stricte
1145 4285 1308 4352 sumptum,

29 4397 141 4476 aaa

10 4478 54 4541 χ
64 4475 174 4548 ΜΨ,

13 4549 37 4620 'a
62 4549 185 4615 '‘exaffl-
