3159 4934
274 311 329 369 3⁰0
595 325 637 368 uus
656 323 781 367 urrunsa
799 340 809 350 -
828 323 895 365 runs
914 322 938 365 u.
959 323 1001 365 uus
1018 322 1126 365 εοιιιιιι

270 438 392 502 claritas
408 438 504 502 ciuilis
518 454 573 502 non
595 438 668 501 satis
689 436 841 515 prouidere
862 444 959 515 posset
979 436 1055 501 bono
1074 436 1241 510 communi;
1262 450 1330 499 eum
1351 436 1444 499 timor

270 536 425 599 exterioris
453 536 532 613 mali,
553 537 631 615 quod
651 535 737 599 iacile
761 533 849 598 uitari
878 541 983 613 potest,
1002 548 1058 597 non
1084 534 1278 597 subicientem
1304 535 1364 597 vim
1386 534 1444 597 ba-

271 636 338 699 beat
361 636 400 698 ad
420 634 553 698 homines
576 634 763 699 coercendos.
788 630 911 706 Deinde,
932 633 1001 711 quia
1023 633 1071 695 ius
1093 632 1264 709 imperandi,
1286 646 1338 695 seu
1360 632 1443 695 ciues

270 734 414 812 dirigendi
435 734 473 795 ed
494 734 602 798 bonum
623 746 778 796 comatune
798 731 911 795 idoneis
931 731 1056 810 legibus,
1074 730 1104 792 in
1125 730 1190 808 ipsa
1210 730 1335 792 essentia
1357 737 1442 808 pote-

269 830 357 894 statis
369 829 539 895 includitur.
562 830 636 894 Cum
657 830 750 908 igitur
769 829 865 892 omnis
888 837 1017 907 potestas
1036 846 1054 893 a
1074 826 1136 893 Deo
1157 829 1214 903 sit;
1234 845 1252 891 a
1271 826 1438 893 Decetiam

269 930 368 1010 aliquo
390 928 475 994 modo
495 937 565 992 sunt
585 927 674 1008 leges,
695 944 771 1007 quae
792 928 869 991 iuste
890 928 928 991 ab
948 926 1123 992 auctoritate
1147 926 1317 1005 procedunt.
1340 924 1439 999 Quare

268 1029 320 1107 qui
334 1029 371 1090 iis
385 1028 580 1091 obedientiam
601 1027 734 1106 denegat,
749 1026 866 1087 divinae
885 1025 1059 1088 ordinationi
1074 1023 1245 1089 reluctatur.
1261 1022 1346 1089 Unde
1356 1023 1440 1103 Apo·

269 1124 363 1188 stolus
391 1133 491 1203 aperte
515 1124 572 1187 uit:
593 1122 669 1187 Ideo
689 1122 872 1187 necessitate
896 1119 1014 1185 subditi
1036 1120 1345 1197 commonueram
1364 1140 1439 1202 pro-

264 1226 338 1303 pter
357 1222 450 1297 iram,
469 1222 524 1286 sed
543 1223 636 1286 etiam
652 1226 783 1301 propter
804 1219 1022 1283 conscientiam
1036 1219 1087 1299 (1).

308 1318 463 1385 Praeterea
484 1324 564 1387 cives
585 1338 690 1402 magna
712 1320 875 1385 reverentia
890 1326 920 1383 et
940 1319 1094 1383 dilectione
1114 1320 1272 1383 observare
1292 1327 1322 1381 et
1340 1318 1437 1383 colere

269 1427 403 1483 tenentur
422 1436 482 1500 eos,
504 1420 582 1499 apud
603 1436 678 1509 quos
699 1434 837 1498 suprema
859 1424 991 1499 potestas
1013 1417 1130 1480 residet.
1155 1414 1295 1481 Venerari
1315 1416 1435 1496 quidem

265 1518 373 1581 debent
394 1533 543 1581 summum
557 1517 759 1595 imperantem,
780 1516 850 1596 quia
865 1517 915 1578 bic
930 1530 1015 1578 sacra
1035 1514 1125 1578 veluti
1141 1530 1265 1592 persona
1280 1520 1336 1577 est.
1360 1513 1436 1579 Cum

265 1616 342 1679 enim
364 1624 503 1694 potestas,
524 1631 582 1694 qua
602 1613 790 1693 splendescit,
810 1614 928 1677 divinae
948 1612 1134 1676 auctoritatis
1156 1611 1181 1674 si
1203 1613 1348 1690 quaedam
1369 1628 1437 1691 par·

265 1714 413 1793 ticinello,
432 1712 595 1778 diuinitatis
617 1712 706 1777 veluti
728 1710 950 1774 similitudinem
973 1710 1056 1788 gerit.
1078 1707 1277 1783 Quamobrem
1291 1711 1355 1773 eius
1370 1728 1435 1789 per·

264 1828 335 1877 sona
356 1829 412 1875 non
434 1812 519 1875 modo
539 1810 715 1874 inviolabilis
734 1818 788 1884 est,
811 1824 912 1871 verum
933 1808 1022 1871 etiam
1044 1807 1131 1886 digna
1150 1815 1182 1871 ut
1196 1809 1334 1871 omnibus
1346 1810 1432 1872 obse·

265 1911 345 1989 quiis
366 1910 531 1975 honoretur.
554 1908 678 1973 Dilectio
699 1916 798 1971 antem
823 1906 878 1985 ipsi
902 1907 1034 1980 debetur,
1056 1913 1209 1984 propterea
1236 1907 1315 1984 quod
1340 1908 1364 1968 si
1386 1907 1431 1969 di-

266 2008 382 2087 ligenda
403 2016 449 2069 est
468 2008 601 2085 societas,
623 2007 750 2069 maxime
770 2004 937 2084 diligendus
951 2012 998 2067 est
1010 2005 1045 2079 is,
1063 2004 1113 2082 qui
1129 2005 1158 2066 in
1179 2004 1229 2067 illa
1245 2004 1348 2083 capitis
1363 2021 1428 2067 mu·

265 2121 333 2169 uere
348 2107 487 2185 iungitur,
508 2120 630 2183 eamque
652 2104 833 2182 providentia
855 2120 909 2165 sua
931 2109 1086 2166 conservat
1100 2110 1128 2165 et
1143 2102 1281 2181 protegit.
1298 2099 1427 2179 Quapro

263 2211 328 2282 pter
349 2203 406 2266 iuri
427 2210 548 2266 naturae
569 2211 733 2282 repugnant
752 2211 782 2265 et
797 2201 881 2266 valde
898 2202 1101 2279 turpificatum
1123 2201 1253 2267 animum
1273 2202 1429 2266 ostendunt

262 2302 293 2376 ii,
314 2301 367 2381 qui
389 2303 507 2380 proprio
536 2300 660 2380 principi
684 2318 740 2365 non
760 2301 848 2364 modo
875 2302 1022 2363 internum
1044 2316 1174 2365 amorem
1200 2300 1353 2381 denegant,
1378 2300 1431 2363 sed

263 2401 352 2462 etiam
368 2400 466 2463 verbis
481 2408 533 2462 aut
544 2400 664 2479 scriptis
674 2399 806 2462 maculas
819 2407 996 2478 aspergunt3
1010 2400 1062 2478 qui
1079 2398 1197 2477 proinde
1211 2414 1269 2462 nou
1283 2399 1431 2464 libertatis

261 2498 350 2561 leude
371 2497 504 2577 (libertas
524 2498 601 2561 enim
622 2514 640 2561 a
662 2498 733 2561 vitio
746 2498 933 2579 seiungitur),
948 2498 998 2562 sed
1013 2498 1169 2577 pravitatis
1182 2505 1250 2562 nota
1269 2506 1300 2561 et
1314 2499 1430 2578 uitupe-

259 2596 371 2661 ratione
392 2596 473 2675 digni
494 2605 571 2659 suut.

300 2693 363 2758 Nec
385 2711 452 2758 vero
472 2695 547 2758 baec
568 2694 686 2757 dilectio
707 2710 825 2757 cessare
846 2706 898 2755 aut
913 2694 1111 2757 defervescere
1131 2694 1219 2757 debet
1239 2711 1275 2759 ex
1289 2710 1333 2769 eo,
1349 2695 1429 2774 quod

262 2808 398 2856 summus
418 2795 567 2872 imperans
587 2793 616 2855 in
637 2792 762 2871 gerenda
784 2792 936 2869 republica
956 2779 1112 2870 aliqnando
1127 2798 1237 2869 peccet,
1251 2792 1313 2855 sive
1328 2808 1364 2855 ex
1379 2793 1429 2856 de-

260 2892 340 2954 iectu
362 2890 507 2970 scientiae,
530 2892 592 2953 sive
612 2907 648 2953 ex
670 2890 741 2953 vitio
763 2890 930 2953 voluntatis.
946 2887 1023 2953 Nam
1045 2905 1112 2953 cum
1133 2898 1163 2952 et
1184 2890 1247 2968 ipse
1267 2890 1358 2955 bomo
1378 2891 1428 2965 sit,

259 3004 294 3051 ac
317 2988 437 3065 proinde
457 2990 547 3052 errori
570 2996 599 3051 et
621 2988 832 3067 cupiditatibus
852 2988 1012 3061 obnoxius3
1038 2987 1180 3051 iniustum
1202 2996 1299 3052 estet
1320 2990 1425 3053 rationi

260 3099 428 3167 repugnans
448 3088 486 3150 ab
506 3104 540 3151 eo
562 3087 629 3164 plus
650 3088 836 3165 perfectionis
856 3087 982 3164 exigere,
1002 3102 1090 3165 quam
1116 3087 1246 3149 humana
1267 3087 1426 3151 infirmitas

256 3188 340 3250 leret.
356 3182 494 3265 Optabile
514 3186 632 3263 quidem
653 3194 708 3261 est,
729 3193 764 3248 ut
784 3186 921 3263 princeps
941 3200 1090 3265 uunquam
1111 3184 1228 3249 labatur
1249 3193 1301 3248 aut
1320 3186 1424 3249 saltem

256 3300 407 3364 nunquam
429 3292 533 3362 sponte
554 3300 607 3345 sua
629 3299 646 3345 a
668 3286 777 3347 virtute
799 3283 944 3358 discedat;
959 3282 1038 3361 quod
1053 3283 1229 3360 optimorum
1244 3282 1426 3347 consiliario·

262 3398 327 3446 rum
339 3380 526 3455 adminiculo,
534 3388 597 3443 tum
609 3382 784 3459 praesertim
796 3381 910 3445 diuinae
921 3379 1071 3459 religionis
1083 3380 1238 3459 praesidio,
1247 3397 1302 3444 nou
1314 3396 1383 3444 raro
1394 3382 1424 3445 in

257 3479 413 3543 catholicis
428 3480 621 3559 principibus,
634 3479 730 3557 quoad
746 3495 793 3542 res
807 3479 910 3542 saltem
925 3479 1046 3541 maioris
1061 3478 1211 3558 momenti,
1230 3480 1423 3558 conspicitur.

255 3578 296 3640 At
317 3577 480 3657 siquando
501 3576 682 3640 contrarium
702 3578 820 3650 accidit,
843 3594 899 3641 non
919 3578 1030 3641 idcirco
1051 3577 1095 3640 illi
1117 3593 1291 3641 succensere
1311 3578 1424 3642 subditi

258 3674 373 3749 debent,
393 3673 594 3757 uut'amorem
615 3676 747 3738 debitum
761 3676 943 3739 imminuere.
959 3674 1031 3739 Labi
1047 3676 1124 3739 enim
1139 3677 1303 3740 humanum
1317 3686 1374 3752 est,
1394 3687 1424 3742 et

256 3768 377 3834 bomani
398 3773 471 3837 nihil
492 3775 581 3835 etiam
602 3789 620 3835 a
641 3773 823 3851 principibus
844 3774 970 3837 alienum
992 3775 1155 3852 putendum
1171 3782 1230 3849 est;
1246 3778 1422 3853 praesertim

255 3868 281 3929 si
293 3869 422 3945 pericula
435 3871 655 3934 considerentur
670 3871 776 3949 quibus
791 3872 1022 3945 circumdantur,
1034 3880 1064 3935 et
1075 3872 1266 3937 difficultates
1280 3875 1421 3949 muneris,

252 3965 331 4042 quod
351 3975 494 4031 exercent.
511 3965 590 4032 Satis
608 3969 666 4031 erit
685 3969 712 4030 si
732 3970 937 4044 communiter,
957 3970 1085 4033 scienter
1105 3978 1134 4033 et
1155 3972 1233 4036 iuste
1254 3980 1420 4052 operentur,

252 4064 422 4139 praesertim
444 4081 511 4129 curn
532 4068 568 4130 de
588 4067 793 4130 communibus
813 4068 938 4145 negotiis
960 4069 1076 4146 agilum
1098 4078 1161 4131 tum
1187 4077 1220 4133 ut
1241 4070 1341 4135 studio
1366 4088 1421 4150 pu-

296 4273 333 4335 (1)
348 4274 390 4322 Aa
405 4275 549 4329 Romanos,
565 4277 627 4325 xlii.
