3159 4934
367 326 401 382 10
881 341 1017 384 3333133

366 453 546 531 sequendum
567 454 763 516 33131133333
791 455 1125 534 311331133333311333
1152 457 1357 532 impediamur.
1379 454 1478 528 Quare
1498 453 1530 516 hi

368 558 465 614 motus
485 552 573 614 animi
594 552 741 615 obiectum
761 553 805 616 313
825 560 968 631 spectant,
989 562 1023 615 ut
1042 554 1131 616 simul
1156 561 1289 632 spectent
1309 555 1529 632 impedimenta,

367 649 473 726 quibus
494 649 640 712 obiectum
662 650 864 729 adstringitur.

405 745 454 811 68.
476 745 1027 835 1133313333333133333331331131113.
1049 747 1106 812 Seu
1120 757 1310 811 numerantur
1330 767 1347 811 3
1369 747 1399 812 S.
1414 747 1528 812 13333

365 848 503 910 nimirum
518 866 606 910 amar
619 856 648 910 31
662 847 775 924 odiam,
787 847 972 912 desideriam
986 857 1016 911 et
1030 846 1118 930 sapa,
1125 845 1278 927 paediam
1287 856 1317 911 et
1333 848 1469 910 tristitia
1478 845 1527 925 (l).

365 943 424 1007 Hir
437 961 543 1007 census
563 946 691 1023 optimus
705 954 757 1008 est.
773 945 890 1008 Etenim
904 947 1044 1024 appetitio
1059 936 1184 1020 sensilis,
1199 946 1314 1024 quoties
1327 947 1406 1008 31333
1422 946 1529 1007 bonum

366 1058 418 1121 per
434 1059 465 1104 se
479 1044 643 1120 inspectum
658 1053 800 1118 versatur,
821 1044 999 1108 considerari
1019 1051 1116 1122 potest
1137 1044 1185 1106 331
1199 1045 1229 1105 13
1250 1043 1350 1107 ordine
1364 1043 1404 1104 ad
1419 1057 1527 1104 meram

367 1141 593 1218 propositIonem
604 1141 710 1205 obiecti
725 1143 931 1216 conveniemus¹
943 1143 1172 1221 praescindendo
1187 1160 1204 1205 3
1220 1143 1385 1220 praesentia
1398 1142 1529 1204 einsdem

367 1241 411 1305 vel
434 1241 581 1315 absentIa;
602 1240 648 1303 vel
668 1249 765 1319 potest
785 1242 886 1304 referri
913 1242 952 1304 ad
971 1242 1118 1305 obiectum
1146 1243 1341 1320 inquantum
1368 1243 1466 1314 abest,
1488 1239 1529 1303 331

367 1342 491 1419 denique
505 1341 543 1402 ad
556 1341 703 1404 obiectum
716 1342 745 1403 in
760 1351 901 1420 quantum
924 1357 1061 1419 praesens
1074 1350 1119 1413 est
1132 1350 1163 1404 31
1177 1356 1359 1418 possessum.
1374 1337 1454 1402 Hinc
1473 1349 1529 1402 tres

368 1450 531 1518 exsurgunt
550 1441 799 1516 3133133333,
820 1438 1015 1516 desideriam,
1032 1439 1210 1515 (1313313113
1224 1455 1350 1518 quorum
1370 1439 1484 1516 primus
1504 1439 1531 1498 in

368 1553 447 1600 mera
462 1537 676 1622 complacentia
689 1545 718 1600 et
733 1539 858 1600 adeotus
872 1538 1049 1601 adhaesione
1062 1538 1100 1599 ad
1114 1538 1262 1600 obiectum
1277 1538 1442 1614 reponitur
1459 1537 1531 1598 alter

367 1634 395 1696 in
418 1635 563 1728 tendentia
584 1636 621 1696 ad
643 1635 725 1707 illud,
747 1643 835 1712 prout
854 1643 900 1698 est
920 1638 1041 1710 absens;
1063 1637 1169 1698 tertius
1196 1637 1374 1717 iniucunda
1403 1636 1529 1714 quadam

367 1735 473 1811 quiete,
495 1750 531 1794 ex
555 1733 707 1810 adeptione
733 1735 799 1798 boni
821 1734 1003 1798 delectabiIIs
1028 1743 1233 1814 consequente.
1255 1724 1532 1798 Consrmrirsratuo·

367 1831 475 1892 cinatio
495 1832 547 1892 liat
567 1831 603 1892 dc
624 1832 710 1909 malo,
731 1831 821 1894 etlam
843 1833 1016 1910 simpliciter
1037 1834 1236 1909 considerato;
1259 1841 1288 1895 31
1309 1834 1352 1897 313
1377 1841 1439 1897 tres
1461 1833 1533 1895 allae

367 1928 518 2005 oppositae
538 1937 688 2007 emergent
709 1929 874 2005 passiones:
889 1926 1001 2005 odiam,
1016 1929 1104 2012 sapa,
1122 1931 1262 1993 tristitia.
1277 1930 1355 1994 Malo
1375 1931 1452 1994 enim
1467 1947 1534 2008 pro

368 2025 472 2102 posito,
494 2027 607 2088 aversio
634 2042 709 2104 qaae
738 2026 862 2103 pullulat
888 2029 918 2090 13
942 2030 1084 2106 appetitu,
1110 2029 1219 2092 dicitur
1246 2028 1359 2105 odIumss
1386 2029 1469 2091 nisus
1495 2029 1533 2090 ad

368 2124 480 2186 malum
501 2123 573 2185 illud
593 2125 772 2203 fugiendum,
793 2125 902 2189 dicitur
923 2129 1005 2206 iuga;
1026 2127 1150 2206 deanue
1177 2127 1228 2189 illa
1251 2127 1340 2190 veluti
1369 2127 1533 2206 oppressio,

368 2238 444 2300 quae
465 2223 589 2285 sentitur
608 2238 644 2285 ex
660 2224 821 2300 praesentia
839 2225 881 2287 rei
902 2225 1111 2306 incommodae,
1126 2241 1202 2303 quae
1219 2226 1278 2286 tam
1294 2241 1347 2289 nos
1368 2226 1533 2302 occupavit,

368 2322 535 2384 nominatur
556 2321 684 2385 tristitia.

408 2415 455 2482 69.
480 2414 646 2485 Passiones
667 2415 765 2504 partis
786 2418 961 2488 irascibilis.
983 2421 1015 2486 Si
1036 2424 1144 2486 bonum
1165 2429 1195 2485 31
1215 2422 1326 2484 malum
1348 2438 1405 2485 non
1421 2423 1532 2502 simpli·

369 2517 452 2590 31133,
467 2517 518 2578 sed
533 2526 566 2580 ut
580 2517 739 2582 difficulter
752 2520 988 2598 consequendum
1003 2528 1055 2584 aut
1069 2520 1219 2583 vitandum
1235 2527 1397 2596 spectatur,
1408 2523 1535 2600 quinque

369 2615 517 2692 passiones
539 2615 735 2690 habebuntur,
759 2617 798 2678 ad
828 2625 941 2694 partem
965 2619 1143 2682 irascibilem
1170 2619 1358 2696 pertinentes,
1378 2619 1532 2682 nimirum:

371 2707 448 2790 Spes
468 2721 499 2774 et
518 2711 700 2791 desperatio,
716 2713 852 2778 audacte
871 2723 900 2777 31
921 2716 1169 2794 timendumque
1188 2715 1311 2779 113113
1332 2731 1412 2790 sane,
1430 2719 1533 2781 bouum

370 2808 489 2870 obtentu
511 2809 629 2873 difficile
650 2811 695 2874 331
716 2813 760 2874 313
780 2813 928 2886 obiicitur,
950 2823 983 2874 ut
1007 2814 1168 2876 difficultas
1194 2815 1258 2876 eius
1286 2816 1466 2891 superabilis
1487 2832 1536 2894 33

371 2911 482 2982 pareat,
502 2913 589 2985 atque
610 2909 651 2969 ita
672 2909 766 2970 oritur
786 2925 877 2988 spes5
898 2918 999 2972 contra
1021 2927 1089 2974 veru
1115 2910 1298 2990 desperatio.
1319 2912 1394 2975 Item
1416 2915 1536 2987 malum,

370 3003 525 3065 imminens
544 3010 574 3066 et
594 3005 631 3067 ad
653 3007 813 3069 cavendum
828 3007 957 3082 difficile,
974 3008 1020 3070 331
1042 3009 1086 3072 313
1106 3011 1278 3087 proponitur
1300 3016 1331 3072 ut
1352 3012 1421 3073 nIsu
1439 3013 1539 3090 aliano

371 3101 456 3162 vitari
478 3109 718 3178 quassatum
745 3106 895 3182 appetitus
922 3119 1084 3184 exsurgens
1111 3107 1149 3170 ad
1177 3093 1384 3171 removendum
1413 3110 1536 3188 impedi·

370 3209 500 3261 mentum
523 3200 631 3264 dicitur
651 3200 862 3278 andastaua
883 3203 925 3266 313
940 3211 1062 3281 apparet
1079 3211 1112 3267 ut
1126 3205 1312 3280 difficulate,
1326 3222 1416 3285 quam
1439 3209 1536 3281 habet,

370 3297 501 3359 animum
515 3301 598 3376 qnasi
614 3300 770 3376 opprimat,
783 3308 813 3363 et
828 3309 897 3364 tunc
912 3303 1036 3364 allectus
1053 3301 1095 3365 illi
1110 3304 1288 3380 respondens
1309 3305 1419 3367 dicitur
1437 3307 1537 3369 mmor.

370 3393 502 3474 Denique
523 3395 548 3458 si
569 3396 680 3459 malum
695 3413 750 3459 non
765 3397 893 3476 amplius
914 3398 1056 3478 immInet,
1072 3401 1123 3464 sed
1139 3401 1374 3476 iam·incumbit;
1395 3419 1538 3468 enascens

370 3493 519 3570 appetitus
548 3495 706 3558 uchscendi
728 3511 858 3569 cansam,
886 3511 961 3573 quae
988 3497 1062 3558 illud
1091 3499 1241 3575 produxit,
1261 3507 1384 3562 vocatur
1411 3501 1468 3564 ira
1488 3499 1537 3582 (1).

416 3734 450 3795 (1)
468 3735 581 3784 Summa
600 3735 635 3782 tlt.
652 3734 688 3784 I.a
702 3733 742 3784 2.*
757 3750 780 3800 q.
797 3735 886 3793 XXIII,
901 3750 924 3786 3.
940 3736 963 3786 4.

417 3817 452 3880 (2)
468 3817 596 3866 Gurtesius
611 3816 703 3866 librum
716 3818 747 3867 de
765 3819 926 3882 passionibus
936 3816 1103 3877 elucubrarit,
1120 3819 1244 3869 1311331333
1260 3821 1430 3883 dispartitum.
1442 3821 1470 3870 in
1483 3837 1541 3886 qno,

370 3895 418 3943 hac
427 3903 540 3946 veterum
551 3897 668 3946 doctrine
679 3897 780 3955 reiecta,
790 3911 884 3946 noram
896 3897 1031 3960 quamdam
1044 3899 1169 3948 theoriam
1180 3900 1318 3950 obtrudere
1329 3906 1437 3949 conatus
1449 3907 1498 3960 331,
1509 3901 1539 3950 de

371 3987 421 4036 qua
436 3976 472 4024 313
488 3975 605 4026 iudicavit
617 3977 782 4028 Thornaeius:
800 3996 815 4023 «
825 3977 879 4026 tttsi
895 3977 1024 4027 Cartesius
1037 3979 1218 4030 nobilissimam
1230 3979 1334 4032 lithicae
1351 3981 1499 4031 doctrinam
1510 3984 1540 4030 de

371 4053 531 4116 passionibus
543 4057 619 4106 animi
631 4073 658 4106 se
671 4058 859 4108 demonstrasse
871 4057 989 4122 opinatus
1001 4059 1084 4118 133311,
1096 4061 1199 4110 infinitis
1210 4068 1297 4110 tamen
1307 4063 1423 4110 eamdem
1439 4071 1537 4111 contra·

371 4132 521 4183 dictionibus
537 4136 659 4198 repletam
674 4152 730 4186 3333
748 4137 820 4187 133113
837 4138 935 4188 ostendi
953 4145 1046 4201 potest.
1057 4158 1071 4185 »
1092 4141 1277 4195 Cautelaram,
1293 4153 1316 4201 p.
1333 4141 1356 4199 1,
1373 4156 1394 4190 3.
1412 4141 1452 4198 14,
1470 4149 1485 4199 §
1502 4143 1537 4190 54.

380 4259 384 4268 ,
418 4211 455 4260 Ν3
472 4220 556 4262 autem
572 4223 670 4278 tempus
687 4218 711 4266 in
728 4219 781 4266 eius
799 4220 951 4268 relutatione
968 4220 1064 4268 trustra
1079 4226 1202 4276 teramus.
1218 4221 1269 4270 hoc
1284 4237 1363 4270 unum
1379 4221 1474 4270 sufficit
1490 4222 1538 4270 ani·

366 4292 539 4352 madvertere,
550 4295 616 4356 quod
632 4296 771 4347 constituat
788 4299 897 4361 primum
914 4298 1040 4360 affectum,
1051 4300 1094 4363 qui
1109 4300 1135 4348 in
1151 4301 1226 4351 nobis
1242 4301 1375 4362 excitatur,
1385 4316 1443 4352 esse
1455 4304 1539 4350 331331-
