3159 4934
389 311 473 355 cnrnr
490 314 507 355 r.
527 314 562 355 aa
579 314 643 357 tune
661 314 694 357 ur
712 315 811 357 arrunte
829 316 983 358 cnunnauu
1217 297 1272 363 1⁸25

100 423 184 499 Quae
195 442 267 489 sane
280 426 400 504 pertitio
412 425 511 489 locum
525 424 616 489 babet
628 427 726 505 quoad
740 427 815 491 alios
829 428 961 491 bomincs
976 436 1105 504 tantum;
1126 431 1273 511 siquidem

98 526 198 607 quoad
219 526 315 590 Deum
329 526 426 590 omnia
446 535 547 592 nostra
560 529 658 591 officia
673 534 743 591 sunt
763 528 899 592 iuridica.
915 527 995 592 Deus
1016 529 1093 592 enim
1114 533 1163 594 ius
1182 532 1273 595 babet

99 625 237 705 exigendi
252 632 286 686 ut
305 626 450 703 integram
464 625 570 705 legem,
583 641 673 704 quam
690 626 774 689 nobis
788 627 937 705 imposuit
952 627 1135 705 impleamus.
1152 627 1271 703 Contra,

100 724 179 786 nulla
194 721 323 785 bominis
336 723 432 785 cilicia
443 730 579 801 respectu
593 725 638 785 sui
652 723 748 801 ipsius
760 724 819 787 dici
831 731 954 803 possunt
966 725 1103 801 iuridioa3
1116 734 1270 805 propterea

98 822 181 901 quod
195 836 296 885 eurum
317 822 483 886 subiectum
503 828 533 884 ct
548 822 689 884 terminus
705 837 760 885 uon
781 822 1011 901 distinguantur.
1026 821 1076 886 lus
1098 824 1269 899 enimcum

98 920 133 983 iu
147 918 286 983 facultate
300 921 443 983 consistat
456 936 533 998 quae
551 921 589 982 ab
609 920 710 983 ordine
724 921 782 984 enti
809 920 913 983 morali
935 920 1086 995 tribuitur,
1101 922 1267 985 subiectum

98 1018 231 1096 exquirit
249 1016 328 1096 quod
350 1015 498 1081 voluntate
522 1016 699 1081 instructum
727 1017 775 1080 sit.
798 1015 873 1081 Cum
903 1034 974 1082 voro
1000 1019 1206 1097 obligationem
1227 1020 1274 1082 iu·

99 1114 204 1179 cludat
223 1114 358 1188 aliorum,
378 1114 429 1193 qui
451 1117 549 1193 ipsum
570 1116 696 1178 revereri
717 1123 870 1190 tenentur3
893 1116 1050 1178 terminum
1072 1117 1273 1197 respicit,qui

100 1214 213 1292 pariter
228 1211 378 1277 uoluntate
390 1222 517 1277 ornetur.
532 1210 573 1277 Ut
585 1213 677 1292 igitur
690 1213 738 1275 ius
752 1213 880 1276 bominis
892 1229 964 1293 erga
984 1215 1115 1292 seipsum
1138 1222 1169 1277 et
1183 1216 1272 1279 simul

98 1312 259 1377 iuridicum
280 1313 411 1377 officium
433 1311 645 1390 conciperetur,
660 1311 867 1390 concipiendae
886 1312 982 1374 forent
1001 1312 1077 1374 duae
1098 1312 1272 1392 uoluntates,

98 1425 227 1491 quarum
252 1427 309 1473 una
329 1410 500 1474 facultatem
524 1407 664 1473 moralem
688 1410 846 1487 acciperet,
871 1408 929 1472 alia
950 1408 1179 1487 obligationem;
1198 1425 1274 1489 quac

100 1525 171 1572 sano
191 1509 385 1573 consideratio
410 1516 545 1588 respectu
571 1509 658 1571 unius
678 1508 868 1587 eiusdemque
897 1522 1038 1585 personae
1066 1507 1195 1570 absurda
1216 1516 1273 1584 est,

99 1606 135 1670 ld
148 1622 216 1669 vcro
231 1622 287 1670 non
302 1607 453 1686 contingit,
468 1607 495 1669 si
508 1606 638 1670 officium
654 1621 709 1670 uon
726 1614 758 1669 ut
772 1605 942 1680 iuridicum,
953 1606 1005 1668 sed
1020 1620 1101 1669 mere
1116 1614 1149 1668 ut
1164 1606 1273 1670 morale

99 1706 132 1765 in
160 1704 276 1767 homine
299 1714 434 1783 respectu
459 1705 506 1767 sui
532 1704 741 1769 consideretur.
766 1704 816 1767 Ad
845 1705 903 1767 hoo
928 1704 1005 1767 enim
1032 1703 1142 1767 sufficit
1166 1712 1200 1766 ut
1224 1704 1273 1767 lex

98 1802 284 1877 habeamur
298 1818 355 1881 qua
366 1802 508 1883 obligatio
522 1803 695 1879 imponitur3
705 1810 736 1865 et
750 1803 894 1865 terminus
909 1802 997 1881 adsit,
1009 1802 1048 1865 ad
1061 1802 1148 1865 cuius
1163 1803 1272 1865 bouum

99 1900 233 1978 operatio
247 1900 397 1963 referatur.
413 1897 578 1979 Utrumque
599 1908 697 1963 autem
717 1898 747 1963 in
770 1898 913 1979 singulari
934 1898 1055 1963 bomine
1075 1900 1185 1986 optime
1205 1915 1274 1963 con·

98 1996 223 2075 cipitur3
244 2012 312 2061 oum
339 2012 375 2061 eu
402 2014 460 2061 una
487 2005 572 2076 parte
601 1996 803 2061 consideretur
831 1996 965 2061 voluntas
991 2013 1068 2076 quae
1095 1996 1274 2076 obligatione

97 2096 303 2177 adstringitur,
332 2112 368 2160 ex
395 2096 452 2158 alia
486 2096 613 2175 dignitas
642 2110 781 2173 personae
808 2096 956 2158 humanae
982 2111 1059 2173 quae
1086 2102 1119 2156 ut
1148 2096 1216 2157 linis
1243 2094 1272 2157 in

98 2195 211 2258 mundo
232 2201 392 2272 spectatur.

142 2288 247 2355 officia
258 2292 381 2355 iuridioa
396 2291 580 2370 appellantur
593 2292 682 2383 etiam
695 2290 846 2372 perfecto,
858 2306 931 2368 pure
944 2290 1068 2353 moralia
1079 2288 1275 2369 imperfecto.

140 2388 188 2455 il.
201 2389 287 2459 buda
300 2386 481 2457 diiudicatur
494 2387 666 2458 ciliciorum
682 2386 887 2475 praestantia
898 2389 948 2452 Ad
962 2388 1106 2451 iudicium
1121 2387 1272 2451 terendum

96 2491 135 2554 de
156 2490 272 2553 diuersa
294 2488 456 2552 officiorum
479 2490 667 2568 praestantia,
680 2504 783 2553 norma
803 2485 1013 2566 suppeditetur
1031 2503 1049 2549 a
1070 2494 1176 2549 natura
1198 2485 1273 2549 rcle·

96 2590 222 2668 tionum,
239 2587 316 2651 unde
336 2586 386 2649 illa
400 2587 559 2650 dimanant.
574 2584 691 2650 Etenim
713 2586 815 2649 relatio
836 2600 894 2664 quo
915 2584 1012 2663 magis
1031 2584 1135 2647 intima
1155 2591 1202 2647 cst
1221 2589 1273 2647 aut

97 2684 293 2749 universalior
313 2691 365 2747 aut
386 2700 454 2747 cum
475 2686 550 2748 bono
571 2684 692 2747 rationis
712 2683 778 2763 plus
794 2698 935 2756 connexa,
956 2698 991 2746 ec
1012 2682 1124 2745 arctius
1137 2698 1207 2746 cum
1225 2697 1273 2746 or·

95 2784 166 2847 dine
187 2782 350 2863 colligatur.
366 2780 447 2861 Ergo
466 2783 608 2856 officium,
619 2780 678 2860 ipsi
700 2780 888 2860 respondeus,
910 2780 1045 2843 altiorem
1066 2779 1164 2843 locum
1185 2794 1275 2842 occu-

96 2888 161 2960 pat,
181 2888 271 2960 atque
291 2880 329 2943 ad
349 2880 481 2944 ordinem
502 2879 678 2943 serrandum
698 2876 729 2941 in
750 2877 884 2941 moribus
904 2878 1044 2942 maiorem
1065 2878 1272 2941 necessitatem

98 2978 269 3057 praesefert.
285 2976 382 3058 Magis
403 2978 494 3056 igitur
514 2977 665 3057 obligabit.
681 2974 731 3041 Sic
751 2977 810 3039 sub
829 2978 908 3041 omui
929 2986 1064 3055 respectu
1085 2977 1182 3040 officia
1199 2992 1273 3054 erga

96 3073 195 3138 Qum
210 3074 317 3139 ceteris
331 3076 469 3139 omnibus
482 3073 666 3139 antecellunt.
682 3072 763 3138 Deus
784 3073 862 3137 enim
882 3082 928 3137 est
949 3073 1019 3135 finis
1041 3073 1164 3135 ultimus
1178 3075 1273 3135 bomi-

97 3174 162 3247 uis3
185 3180 248 3235 tum
268 3181 315 3236 cst
334 3174 442 3236 bonum
457 3172 610 3235 uniuersae
631 3179 763 3246 naturae,
776 3179 807 3234 et
827 3187 917 3235 causa
937 3171 1028 3234 totius
1049 3171 1197 3245 realitatis
1213 3186 1273 3248 qua

97 3268 314 3334 constituimur.
329 3269 378 3334 Ab
392 3270 458 3348 ipso
471 3270 549 3333 enim
563 3285 619 3333 non
640 3270 728 3332 modo
748 3269 858 3333 conditi
874 3282 990 3343 sumus,
1006 3270 1059 3332 sed
1080 3269 1189 3348 iugiter
1203 3283 1272 3331 con-

100 3382 254 3429 servamur
278 3376 308 3429 et
332 3368 368 3430 ad
395 3368 574 3447 operandum
600 3382 760 3430 moremur.
785 3364 867 3430 [lndc
895 3367 1008 3441 relatio,
1033 3382 1092 3445 qua
1117 3381 1184 3429 oum
1210 3363 1272 3428 Deo

99 3464 310 3538 connectimur,
323 3465 485 3528 maximam
500 3465 761 3539 universalitatem,
775 3464 1010 3527 coniunctionem
1024 3474 1054 3527 et
1064 3466 1271 3527 necessitatem

98 3560 233 3623 includit.
244 3559 411 3626 Secundum
423 3562 520 3626 lucum
537 3571 635 3626 teuent
649 3563 757 3641 officia,
771 3562 878 3640 quibus
892 3562 1104 3640 adstringimur
1118 3577 1189 3639 erga
1203 3577 1270 3635 nos;

99 3659 222 3723 tertium
242 3660 341 3724 officia
362 3674 432 3739 erga
453 3661 535 3723 alios.
551 3659 711 3725 Vinculum
732 3660 810 3723 cuim
830 3661 1004 3735 identitatis,
1017 3660 1096 3739 quod
1118 3660 1272 3723 uobiscum

97 3758 255 3832 habemus,
270 3758 397 3821 arctiore
417 3758 556 3822 relatione
571 3765 695 3834 constat,
708 3773 799 3838 quam
815 3757 963 3821 vinculum
984 3756 1197 3836 similitudinis,
1212 3773 1272 3835 qua

98 3870 170 3919 oum
185 3855 292 3918 ceteris
306 3856 474 3919 bominibus
488 3856 669 3934 copulamur.
682 3855 783 3935 Atque
797 3858 871 3919 baec
885 3854 1095 3934 regulandam
1110 3856 1272 3933 generatim
1288 3929 1291 3935 ,

97 3954 150 4015 bis
164 3952 308 4017 classibus
328 3954 492 4018 ciliciorum
513 3953 736 4033 applicarimus,
751 3952 923 4031 applicanda
938 3967 1054 4031 quoque
1067 3952 1124 4015 crit
1145 3952 1272 4033 siugulis

95 4046 167 4114 aliis
183 4051 382 4130 peculiaribus
398 4052 511 4126 officiis,
526 4052 641 4131 quotics
661 4051 737 4114 inter
759 4066 793 4113 se
812 4057 1030 4127 comparantur.
