3159 4934
358 295 442 339 carur
460 296 493 338 rv.
508 296 541 338 na
556 294 661 337 anricus
679 293 786 337 nonime
798 296 869 338 aaut
887 294 963 337 atros
1196 280 1249 337 183

78 411 226 489 siquidem
254 418 287 473 ut
313 416 454 489 exsurgat
479 408 589 483 relatio,
610 409 746 487 utrinque
774 408 918 472 terminus
945 415 1063 471 exstare
1090 408 1194 471 debet:
1216 407 1248 469 hi

75 515 176 571 autem
198 507 315 571 termini
343 516 413 570 sunt
433 506 668 571 contrahentium
688 507 862 573 voluntates.
883 504 967 581 Quae
988 522 1059 569 sane
1081 506 1249 570 voluntates

75 608 261 671 extrinsecus
282 606 380 684 aliquo
395 606 477 685 signo
491 605 672 669 manifestari
686 606 801 685 debent,
816 612 850 668 ut
863 605 1013 668 hincinde
1027 604 1249 683 paciscentibus

74 693 271 769 iunotescant.
293 702 370 767 Hinc
390 704 499 767 oblatio
519 711 549 766 et
570 704 732 783 acceptatio
754 705 782 766 iu
805 703 1003 769 contrahendo
1030 703 1198 782 requiritur,
1219 710 1249 763 et

76 802 197 882 quidem
218 801 399 865 simultanee.
416 798 507 865 Secus
529 802 553 862 si
574 816 608 865 eo
630 809 770 879 tempore,
790 816 850 879 quo
870 811 926 863 una
948 815 1019 878 pars
1039 802 1134 874 oiiert,
1155 798 1248 862 altera

77 917 136 965 non
152 907 297 979 acceptam
312 900 435 963 eftectus
449 898 547 963 nullus
562 899 704 977 gignitur,
715 900 784 977 quia
799 900 883 963 deest
897 913 1044 961 concausa
1058 898 1097 961 ad
1111 898 1248 960 edoctum

79 998 300 1077 producendum
328 998 500 1061 necessaria.
523 996 628 1075 Quare,
656 1004 725 1061 aute
750 997 993 1074 acceptationem,
1021 997 1146 1059 aderens
1173 994 1249 1057 liber

80 1105 180 1159 manet
200 1096 295 1175 quoad
317 1096 488 1158 mutandam
510 1094 704 1168 voluntatem3
722 1094 879 1174 siquidem,
893 1101 1013 1171 propter
1032 1095 1193 1156 carentiam
1207 1092 1250 1155 al-

80 1192 173 1254 terius
195 1192 321 1267 termini,
336 1193 416 1255 nulla
438 1194 536 1257 adhuc
556 1192 697 1273 obligatio
718 1194 854 1257 effloruit.
870 1190 936 1256 Non
952 1201 1051 1256 tamen
1073 1209 1193 1256 necesse
1206 1199 1251 1256 est

79 1298 115 1353 ut
135 1305 292 1353 consensus
306 1306 421 1369 semper
437 1291 477 1355 sit
490 1291 659 1370 explicitus;
676 1292 788 1355 sufficit
807 1291 885 1353 enim
899 1290 1074 1370 quandoque
1089 1306 1250 1353 consensus

78 1388 191 1451 tacitus
218 1376 247 1451 et
274 1388 445 1467 implicitus,
468 1404 535 1451 cum
564 1404 667 1467 nempe
695 1404 817 1469 persona
845 1387 891 1451 rel
920 1404 976 1452 nun
1003 1387 1177 1450 contradicit
1203 1389 1250 1449 vel

77 1483 193 1563 aliquid
214 1486 276 1563 agit
297 1485 375 1565 quod
397 1502 569 1549 consensum
590 1486 749 1550 voluntatis
768 1487 902 1552 includit.

120 1582 261 1657 Tandem,
276 1592 310 1646 ut
324 1584 395 1663 dixi,
410 1585 556 1647 obiectum
571 1584 658 1648 debet
677 1600 741 1647 esse
763 1586 903 1663 possibile
916 1592 945 1647 et
964 1584 1088 1647 licitum.
1104 1581 1251 1647 Possibile

76 1682 215 1760 quidem;
236 1683 304 1763 quia
326 1682 465 1762 obligatio
486 1682 565 1745 nulla
591 1684 662 1761 tingi
692 1690 786 1762 potest
814 1684 852 1747 ad
879 1699 923 1757 ea,
944 1699 1020 1761 quae
1048 1684 1078 1744 in
1106 1689 1251 1759 potestate

77 1787 182 1844 nostra
203 1794 260 1844 non
280 1790 362 1856 sunt;
385 1782 461 1844 uude
482 1789 579 1845 ortum
601 1789 648 1844 cst
667 1772 803 1844 citatum:
818 1778 874 1843 Ad
892 1778 1080 1860 impossibile
1099 1798 1188 1842 memo
1210 1784 1252 1842 te·

77 1880 183 1941 netur.
199 1876 326 1942 Licitum
342 1895 413 1942 vero
427 1895 492 1943 esse
513 1880 616 1953 debet;
630 1880 698 1958 quia
720 1879 800 1941 nulla
821 1880 973 1943 conventio
991 1878 1134 1955 derogare
1155 1885 1252 1956 potest

76 1976 129 2039 vel
149 1978 336 2055 exstinguere
356 1978 485 2040 officium
513 1976 646 2040 naturale
674 1984 703 2040 et
723 1977 896 2055 ingenitum,
916 1993 975 2056 quo
1000 1985 1085 2054 turpe
1113 1976 1251 2055 prosequi

78 2074 283 2154 prohibemur.
298 2073 343 2139 Re
363 2075 456 2153 igitur
477 2075 650 2153 impossibili
672 2083 701 2137 et
723 2075 802 2154 turpi
823 2074 949 2153 seclusa,
964 2074 1112 2139 obiectum
1134 2081 1252 2137 contra-

77 2180 150 2235 ctus
170 2188 234 2235 esse
255 2180 351 2249 potest
373 2189 420 2236 res
434 2172 581 2250 quaelibet
601 2173 630 2234 in
653 2170 781 2236 dominio
804 2180 902 2235 nostro
925 2173 1017 2249 posita
1039 2181 1069 2234 et
1089 2171 1174 2234 alteri
1195 2184 1251 2232 non

77 2271 224 2350 obligata,
243 2271 289 2333 vel
309 2272 387 2333 actio
407 2270 530 2349 quaevis
553 2272 695 2334 exerenda
716 2272 763 2334 ret
784 2272 954 2345 omittenda,
975 2286 1051 2347 quae
1076 2276 1173 2331 tarum
1195 2283 1253 2330 non

77 2368 202 2431 omnino
221 2367 333 2429 interna
354 2368 402 2441 sit,
417 2368 467 2431 sed
489 2368 642 2432 effectibus
663 2368 910 2442 saltemexterius
931 2368 1048 2446 prodire
1069 2365 1171 2445 possit.

123 2460 173 2527 81.
195 2463 413 2533 contractuum
435 2462 581 2532 diversae
603 2462 738 2548 speeies.
760 2462 801 2529 Ut
821 2466 989 2528 distinctius
1014 2464 1180 2554 dequibus
1200 2479 1252 2541 pa·

78 2564 158 2627 cisci
179 2572 230 2627 aut
258 2567 429 2628 contrahere
458 2565 607 2643 possimus
635 2565 826 2644 intelligatur,
847 2572 1049 2629 contractuum
1078 2563 1253 2644 partitiones

78 2669 154 2725 sunt
173 2662 342 2726 innuendae.
365 2661 464 2726 Dividi
485 2663 576 2742 igitur
597 2671 765 2727 contractus
781 2663 891 2728 solent:
906 2660 1018 2738 Primo,
1033 2664 1063 2725 in
1077 2661 1253 2725 executione

77 2770 111 2825 et
133 2760 362 2840 promissorios.
382 2762 427 2826 llli
450 2771 644 2841 praesentem,
666 2765 697 2826 hi
722 2765 851 2826 luturam
881 2763 1093 2841 paciscentium
1124 2771 1255 2842 praesta·

81 2860 194 2922 tionem
222 2861 390 2939 respiciunt.
412 2859 556 2935 Secundo,
576 2862 606 2923 in
633 2860 778 2943 aequales
795 2871 825 2925 et
852 2861 1043 2943 inaequales.
1080 2858 1255 2926 Contractus

80 2954 241 3036 aequales,
263 2958 315 3037 qui
336 2958 425 3020 etiam
446 2959 578 3036 comesi,
599 2957 785 3036 bilateroles,
808 2970 860 3023 aut
880 2961 1136 3042 sgnattepmcttei
1154 2959 1255 3039 appel·

79 3056 194 3130 lantur,
215 3053 258 3116 illi
278 3062 357 3134 sunt,
378 3055 430 3134 qui
451 3056 657 3135 obligationem
683 3058 817 3135 aliquam
845 3059 983 3137 utrinque
1011 3060 1204 3134 constituunt,
1225 3067 1254 3119 et

79 3152 204 3231 utrique
226 3154 300 3230 parti
316 3153 426 3231 aliquid
449 3155 655 3231 praestandum
670 3156 840 3233 impendum
854 3159 911 3221 etsi
926 3173 999 3220 onus
1013 3157 1121 3221 diversi
1139 3156 1254 3235 generis

81 3266 150 3315 esse
172 3253 276 3329 possit.
298 3250 417 3325 Contra,
438 3252 628 3333 inaequales,
651 3255 701 3333 qui
722 3255 812 3317 etiam
837 3255 977 3335 proicite·
995 3263 1025 3319 et
1049 3252 1255 3318 onitaterales

82 3356 240 3423 vocantur,
261 3362 331 3413 tune
351 3350 511 3425 habentur;
533 3367 600 3414 cum
624 3368 680 3414 una
702 3368 770 3431 pars
791 3353 947 3416 dumtaxat
967 3353 1175 3431 obligationem
1196 3350 1254 3413 sibi

84 3448 222 3520 assumit,
244 3447 336 3509 altera
357 3448 479 3511 veroid
500 3449 579 3527 qnod
599 3450 722 3512 offertur
741 3458 886 3529 acceptat,
908 3451 961 3513 sed
983 3450 1056 3513 nibil
1078 3465 1111 3512 se
1131 3448 1256 3526 praesti-

84 3552 186 3607 turam
206 3546 373 3623 paciscitur.

130 3642 178 3705 Ad
198 3658 291 3721 genus
312 3648 517 3706 contractuum
532 3643 697 3723 aequalium
712 3653 887 3708 revocantur
901 3644 1130 3723 permutationes
1143 3658 1254 3719 omnes,

82 3756 291 3821 quaecumque
312 3742 380 3815 sint,
402 3742 468 3806 sive
488 3758 585 3805 rerum
607 3742 670 3805 sire
691 3757 823 3820 operum.
838 3741 883 3806 Eo
903 3742 994 3822 igitur
1014 3741 1205 3804 includuntur
1226 3741 1255 3803 in

80 3839 192 3920 primis
214 3845 394 3913 contractm,
407 3841 457 3919 qui
475 3840 665 3904 innominati
677 3841 872 3919 appellantur,
887 3840 1025 3920 atquein
1047 3838 1114 3904 lnre
1135 3855 1256 3904 romane

81 3939 136 4003 his
156 3936 290 3999 formulis
310 3938 510 4015 explicantur:
531 3935 582 4003 Do
602 3941 639 4001 ot
659 3938 722 4013 des,
743 3936 795 4001 Do
815 3943 852 4001 act
878 3938 992 4015 facias,
1014 3936 1115 4001 Facio
1134 3942 1174 4001 ct
1191 3937 1256 4017 des,

81 4034 190 4100 Facio
210 4039 248 4098 at
266 4035 379 4113 facies.
395 4036 588 4100 lucluduntur
609 4036 713 4099 deinde
732 4052 834 4099 omnes
854 4037 905 4099 alii
926 4045 1106 4112 contractus,
1120 4038 1171 4118 qui
1190 4054 1258 4119 per-

81 4135 286 4198 mutationum
309 4134 433 4213 nomine,
453 4132 598 4196 latissime
619 4140 748 4212 sumpto,
769 4134 919 4213 designari
937 4135 1050 4210 solent3
1070 4138 1180 4216 quique
1200 4138 1256 4200 etsi

81 4234 291 4314 superioribus
306 4234 442 4300 formulis
456 4233 658 4296 contineantur
672 4232 751 4312 (illae
771 4232 849 4295 enim
863 4248 965 4298 omnes
986 4251 1076 4298 casus
1090 4234 1257 4315 possibiles,
