3159 4934
403 351 490 393 carun
508 351 533 393 n.
552 352 587 393 on
605 350 747 394 sommam:
764 351 847 394 crvrm
1049 323 1058 337 '
1158 340 1208 397 291

37 466 170 546 praeciso
189 481 247 544 qua
274 471 393 542 patema
414 471 460 527 est
479 470 510 527 et
529 464 567 526 ad
595 464 687 527 solam
708 464 914 531 educationem
940 466 1030 544 prolis
1051 466 1211 546 ordinata),

37 580 156 642 poenae,
169 578 247 642 quae
259 564 297 625 ab
318 561 367 625 illa
381 562 564 640 infligantur,
577 562 693 625 nonnisi
707 562 745 625 ad
759 564 991 627 emendationem
1009 565 1211 643 delinquentis

37 661 170 740 tendunt,
181 670 332 739 tamqnam
344 659 381 721 ad
394 674 518 737 scopam
530 659 730 736 praecipuum.
740 660 781 723 At
793 662 973 723 contrarium
985 662 1095 725 accidit
1106 669 1208 726 aucto·

34 762 116 824 ritati
138 759 283 838 publicae,
297 773 373 837 quae
394 758 505 821 directe
524 759 554 821 in
576 759 684 821 bonnm
705 760 972 839 communetotins
995 760 1144 823 societatis
1164 760 1211 821 in-

34 858 161 922 cumbit.
172 855 254 920 Haec
264 858 293 918 in
305 856 456 920 sumendis
466 856 567 933 poenis
582 854 768 933 potissimam
780 852 898 933 'spectat
908 856 1073 919 custodiam
1085 857 1208 932 ordinis,

33 956 65 1019 in
86 954 296 1027 communitate
316 954 486 1027 curandam,
507 960 537 1016 et
557 953 739 1031 reipublicae
760 954 978 1017 detonsionem:
999 954 1075 1017 unde
1094 954 1211 1032 quoties

32 1070 106 1117 eum
121 1053 177 1115 hoc
191 1054 265 1116 bono
286 1052 393 1115 bonnm
407 1067 463 1113 non
480 1051 647 1139 impacatis
663 1052 731 1131 (hoc
752 1052 831 1113 enim
847 1052 977 1115 adimere
991 1053 1080 1116 etiam
1098 1052 1206 1116 intuitu

37 1152 109 1214 boni
130 1149 295 1213 commanis
315 1165 463 1227 nunqnam
486 1134 590 1225 ilem),
595 1150 649 1213 sed
669 1150 828 1227 perduellis
853 1161 883 1213 et
903 1166 1030 1230 nequam
1052 1151 1208 1215 conciliare

33 1250 148 1326 nequit,
162 1249 272 1326 optime
294 1255 390 1325 potest
410 1249 501 1311 immo
515 1248 603 1311 debet
623 1250 680 1311 lroc
695 1248 941 1326 praetermittere,
956 1257 990 1311 ut
1011 1248 1086 1313 illud
1101 1259 1208 1314 servet.

33 1346 222 1426 Quamquam
237 1346 311 1410 illud
330 1347 419 1409 etiam
435 1362 537 1410 verum
551 1358 607 1422 est,
620 1348 652 1409 in
667 1362 757 1424 poena
772 1347 881 1425 capitis
903 1347 1011 1410 bonnm
1027 1356 1056 1410 et
1072 1348 1211 1411 emcnda-

36 1447 145 1509 tionem
174 1444 377 1523 delinquentis,
398 1460 433 1507 eo
452 1445 539 1508 modo
566 1460 625 1523 quo
646 1445 710 1508 lieri
731 1450 838 1523 potest,
861 1460 916 1508 non
947 1459 1069 1522 prorsus
1090 1445 1209 1525 negligi.

34 1541 130 1621 Saepe
140 1542 218 1606 enim
233 1543 322 1604 animi
337 1543 410 1620 adeo
423 1542 571 1605 honestati
585 1541 765 1605 reluctantes
781 1542 1011 1620 comperiuntur,
1024 1550 1057 1605 ut
1067 1559 1084 1606 a
1096 1542 1209 1622 flagitio

32 1641 125 1703 aliter
138 1640 269 1703 revocari
290 1648 444 1718 nequeam,
459 1640 514 1702 nisi
534 1641 573 1702 ab
589 1641 722 1718 ipsorum
744 1639 838 1703 oculis
855 1655 943 1703 scena
964 1641 1052 1703 huius
1067 1641 1144 1703 vitae
1159 1656 1210 1719 pe-

33 1740 117 1801 nitus
137 1745 316 1801 amoveatur.
333 1736 415 1801 'lunc
438 1739 554 1800 tandem
576 1738 764 1817 resipiscant,
779 1754 815 1802 ac
837 1738 993 1813 scelerum,
1013 1754 1089 1817 qnae
1110 1747 1210 1817 patra·

33 1845 113 1911 runt,
133 1837 310 1901 verecundia
331 1843 361 1897 et
382 1835 481 1900 dolore
503 1844 674 1915 tanguntur.

499 2031 669 2095 Anmnuaus
690 2028 744 2095 xi.

203 2160 252 2225 De
272 2164 469 2244 separatione
488 2163 686 2243 franctionem
702 2163 851 2243 politicae
865 2166 1044 2244 potestatis.

72 2323 124 2389 97.
138 2320 243 2409 opinio
266 2320 491 2409 llontesquieu.
506 2324 703 2388 Auctoritatis
725 2332 833 2404 partes,
849 2342 924 2405 quas
939 2326 1148 2401 recensuimus,
1162 2327 1206 2389 ita

33 2425 113 2486 inter
134 2438 167 2485 se
187 2424 367 2500 separandas
387 2437 452 2485 esse
473 2422 559 2485 docet
580 2420 797 2501 Montesqnien‚
820 2431 853 2485 nt
873 2423 903 2486 in
924 2425 1056 2488 subiecto
1077 2440 1133 2487 uno
1157 2440 1206 2487 eo·

32 2522 161 2600 demque
183 2520 302 2581 minime
329 2519 514 2597 copulentnr;
537 2521 589 2582 sed
611 2521 743 2584 diversos
773 2522 858 2599 plane
878 2522 959 2585 iubet
979 2538 1044 2585 esso
1073 2538 1133 2595 eos,
1154 2524 1207 2601 qui

30 2620 78 2681 ins
100 2618 213 2681 liabent
233 2617 375 2679 condendi
395 2616 499 2695 legem,
520 2617 627 2691 abiis,
641 2618 693 2697 qni
714 2634 779 2682 eam
801 2621 962 2697 generatim
983 2620 1132 2700 applicant
1153 2628 1206 2683 aut

30 2719 248 2784 controversias
271 2718 381 2780 civium
402 2717 449 2781 vel
470 2716 577 2782 delicta
605 2717 777 2781 diiudicant.
800 2716 834 2781 ld
862 2719 980 2781 omnino
1008 2718 1206 2782 necessarium

30 2825 138 2882 censet
156 2818 194 2879 ad
215 2817 382 2879 libertatem
411 2816 520 2877 civium
542 2816 784 2889 conservandam,
805 2832 881 2894 qaae
910 2832 995 2878 secus
1018 2816 1135 2893 penitus
1156 2817 1209 2881 de-

30 2922 208 2978 strueretur.
229 2911 278 2976 Sic
298 2914 377 2975 enim
397 2914 455 2976 ait:
477 2935 495 2970 «
507 2912 629 2986 Quando
643 2913 672 2975 ia
687 2914 830 2993 singulari
852 2930 975 2992 persona
991 2913 1037 2976 rel
1051 2914 1081 2975 in
1103 2914 1207 2978 eodem

29 3014 262 3093 magistratuum
276 3012 399 3091 collegio
415 3019 544 3089 potestas
559 3010 725 3089 legislativa
738 3028 808 3075 cum
821 3012 992 3074 exsecutiva
1008 3012 1205 3091 coniungitur,

29 3112 156 3175 libertas
177 3110 261 3188 plane
281 3110 394 3183 exulat3
408 3110 554 3188 siqnidem
577 3108 739 3172 timendum
761 3116 831 3171 tunc
851 3117 895 3171 est
916 3124 953 3171 ne
973 3106 1135 3171 Monarcha
1154 3116 1207 3171 aut

29 3207 160 3272 Senatus
172 3207 253 3286 leges
267 3208 374 3272 condat
388 3207 565 3285 tyrannicas,
577 3221 686 3283 easque
701 3207 852 3284 tyrannice
863 3213 1050 3283 exsequatur.
1066 3204 1207 3269 Similiter

27 3307 154 3371 libertas
173 3306 265 3385 deest,
286 3305 402 3384 quando
431 3313 563 3383 potestas
583 3304 733 3368 indicandi
754 3305 793 3367 ab
821 3312 946 3382 utraque
967 3302 1017 3366 illa
1049 3310 1206 3380 potestate,

27 3404 199 3485 legislatira
224 3412 253 3466 et
276 3403 531 3477 exsecutionum
563 3409 727 3480 separatur.
750 3398 780 3465 Si
810 3402 910 3465 innota
942 3400 1107 3479 concipitur
1136 3415 1205 3462 cum

27 3510 179 3582 potestate
198 3500 374 3580 legislatira,
394 3500 440 3563 ius
453 3501 491 3585 *in
508 3501 603 3585 ‚uitam
625 3507 655 3563 et
678 3498 845 3562 libertatem
867 3499 978 3563 civium
1002 3497 1059 3561 erit
1081 3497 1208 3560 arbitra·

26 3604 130 3673 rium,
148 3601 236 3663 index
257 3600 333 3663 enim
361 3607 406 3662 est
426 3583 514 3661 simul
540 3583 701 3677 legislator.
724 3594 756 3660 Si
776 3612 845 3660 cum
869 3602 1013 3673 potestate
1035 3594 1204 3657 exsecutiva

27 3697 208 3777 copulatur,
221 3698 309 3759 iudex
324 3697 408 3760 lacile
423 3696 452 3758 in
466 3709 670 3774 oppressorem
685 3694 881 3773 degenerabit.
898 3690 1003 3755 Omnia
1022 3700 1204 3766 corruerent,

25 3799 51 3860 si
74 3797 159 3860 idem
180 3795 279 3870 homo,
299 3805 351 3858 aut
371 3774 775 3871 idemWffns‘optimatum
797 3793 843 3857 vel
864 3791 1005 3856 nobilium
1027 3791 1073 3855 rel
1093 3790 1206 3868 populi,

25 3894 178 3959 eiusmodi
195 3901 254 3957 tres
268 3901 367 3972 partes
389 3893 542 3972 potestatis
562 3890 738 3970 possideret:
761 3890 904 3953 condendi
920 3890 1009 3969 leges,
1025 3887 1205 3967 exsequendi

27 3992 169 4072 publicas
189 3992 426 4065 deliberationes,
440 3989 588 4053 iudicandi
610 3988 718 4051 delicta
740 3988 786 4051 vel
809 3988 942 4066 privatas
957 3987 1067 4051 civium
1089 3994 1208 4051 contro·

25 4090 146 4154 versias
160 4088 213 4169 (l).
228 4110 246 4147 >
261 4088 306 4152 lta
328 4088 390 4164 ille3
413 4103 503 4167 quam
526 4087 697 4150 sententiam
720 4100 907 4163 summopere
928 4084 1071 4163 liguriunt
1085 4092 1115 4147 et
1138 4100 1208 4163 pro·
1242 4106 1246 4115 ·

24 4194 159 4262 movent,
179 4194 324 4266 quotquot
344 4186 482 4250 severiori
503 4192 556 4247 aut
576 4184 683 4249 mitiori
705 4182 886 4246 liberalismo
907 4182 1136 4269 adstipulantur.
1195 4212 1201 4223 ·

77 4355 117 4419 (ι)
135 4355 253 4418 ιἐῳνῑι
267 4356 311 4404 aas
328 4354 388 4409 toa,
405 4360 422 4404 t
439 4355 456 4412 r,
473 4325 545 4412 rjxr,
562 4356 600 4404 cn.
617 4354 639 4402 e.
