3159 4934
323 290 373 347 tte
605 302 647 344 rus
666 301 791 343 urrunnu
810 320 820 329 ·
839 302 907 343 runs
926 304 942 343 r.
961 302 1003 346 rus
1021 302 1192 346 runrvmuaun

320 424 415 480 terum
437 415 464 478 si
484 416 609 478 societas
631 430 684 492 pro
704 416 761 477 tine
782 415 873 477 habet
898 414 1027 477 ordinem
1043 422 1196 478 externum
1212 414 1316 479 morali
1329 414 1430 477 ordine
1443 414 1496 475 in·

319 515 486 586 formatum,
501 512 579 576 nullo
594 512 681 576 modo
696 511 843 591 negligere
859 512 1011 589 potestte,
1032 514 1112 591 quod
1132 514 1255 577 moralis
1274 512 1386 577 ordinis
1399 520 1495 589 caput

320 618 366 674 est
387 618 415 674 et
436 610 622 689 principium.

360 707 409 770 Ad
430 707 556 771 alterum
576 706 715 782 dicimus,
729 707 878 771 homiuem
892 697 923 769 in
938 708 1078 771 societate
1094 725 1149 773 non
1166 710 1283 788 propria
1298 716 1405 772 natura
1420 723 1493 785 spo·
1542 756 1545 764 .

320 806 395 879 liari,
415 805 465 869 sed
486 806 642 867 dumtaxat
664 821 768 869 ueram
797 806 966 869 relationem
990 805 1123 881 induere3
1146 808 1237 871 immo
1258 807 1295 870 ad
1316 808 1491 871 societatem

319 904 475 967 ineundam
490 902 601 967 ideireo
617 903 646 965 vi
662 910 783 965 naturae
801 902 935 982 propelli,
956 911 989 966 ut
1009 905 1126 979 melius,
1147 921 1205 983 qua
1226 908 1315 969 homo
1327 912 1385 978 est,
1400 906 1492 982 perii·

319 1002 425 1075 oratur,
440 1000 606 1063 octacilius
621 1000 759 1064 adfinem
776 1018 849 1063 snae
870 1010 992 1064 naturae
1011 1010 1219 1079 congruentem
1234 1004 1392 1080 perveniat.
1409 998 1492 1079 Ergo

319 1114 387 1163 eum
409 1100 476 1161 finis
496 1100 624 1162 hominis
645 1099 675 1161 in
696 1101 753 1163 hac
778 1100 838 1162 rita
854 1100 894 1161 sit
908 1100 981 1163 ordo
995 1100 1126 1175 moralis,
1140 1101 1260 1179 quicum
1275 1100 1377 1163 cultus
1390 1108 1492 1162 exter·

319 1213 384 1271 nus,
406 1212 459 1260 ceu
482 1212 550 1274 pars
570 1197 743 1271 officiorum,
764 1198 893 1260 maxime
913 1198 1057 1271 nectitur;
1072 1200 1121 1261 hic
1142 1198 1342 1276 aliquomodo
1363 1212 1490 1276 scopum

319 1296 417 1374 ipsum
438 1297 586 1361 societatis
606 1296 733 1374 attingit.
749 1293 813 1360 Nec
828 1311 896 1359 vero
911 1296 1072 1375 quidquam
1087 1297 1172 1359 obest
1191 1296 1271 1374 quod
1293 1295 1392 1359 cultos
1406 1305 1490 1358 exte-

319 1394 405 1457 rioris
419 1394 601 1468 exercitium,
616 1394 693 1456 sieut
708 1401 788 1458 totus
803 1394 875 1456 ordo
890 1393 1021 1467 moralis,
1035 1395 1072 1455 ad
1087 1392 1181 1456 Deum
1200 1394 1315 1455 medem
1332 1394 1489 1467 rotaretur,

318 1498 348 1555 et
369 1507 436 1555 cum
452 1499 568 1555 aeterna
583 1492 764 1554 beatitudine
781 1492 951 1569 precipnam
968 1492 1176 1554 connexionem
1191 1490 1307 1553 haheat.
1326 1488 1417 1565 Nam,
1430 1492 1489 1553 etsi

319 1592 442 1655 societas
473 1592 643 1655 felicitatem
672 1589 762 1652 huius
792 1590 879 1663 vitae,
909 1604 1114 1667 quaecumque
1144 1588 1260 1651 undem
1293 1589 1344 1661 sit4
1374 1588 1488 1651 directe

318 1688 456 1764 intendit;
480 1698 576 1752 tamen
598 1688 642 1751 sie
662 1704 727 1751 eam
748 1687 881 1750 intendat
898 1702 973 1764 opus
988 1694 1045 1760 est,
1066 1695 1099 1747 ut
1119 1686 1186 1747 inde
1207 1686 1287 1748 cives
1307 1685 1488 1748 adiuventur

318 1796 453 1864 respectu
475 1786 625 1849 felicitatis
646 1795 789 1850 aeternae.
813 1782 915 1859 &aas
926 1784 951 1845 si
967 1787 1042 1847 hanc
1057 1784 1172 1847 omnine
1187 1783 1355 1862 negligeret,
1372 1784 1484 1846 bonum

246 1871 248 1876 ’
317 1884 445 1946 hominis
474 1900 529 1947 non
558 1892 721 1962 spectarem
743 1883 888 1962 siquidem
910 1883 1011 1961 nequit
1030 1898 1095 1945 esse
1117 1883 1223 1945 bonum
1244 1882 1383 1955 hominis,
1403 1882 1485 1960 quod

317 1996 384 2043 cum
405 1982 469 2043 eius
491 1982 548 2044 tine
570 1981 673 2045 ultimo
695 1982 776 2044 nulla
797 1983 911 2044 ratione
931 1980 1122 2044 connectitur.

778 2292 946 2356 Aamoocns
967 2290 1019 2355 lll.

578 2470 626 2535 De
645 2432 744 2536 dedito
766 2470 993 2551 complectendae
1013 2468 1219 2533 revelationis.

356 2666 403 2731 38.
426 2664 633 2735 revetationis
654 2683 810 2753 peruersa
831 2665 921 2734 nollo.
939 2664 1092 2745 Optimum
1110 2667 1189 2743 duxi,
1212 2668 1388 2746 peculiarem
1409 2670 1486 2731 huic

316 2767 455 2829 materiae
475 2765 632 2829 articulum
646 2767 805 2839 destinare,
820 2782 888 2828 cum
902 2766 931 2828 in
948 2767 1094 2843 praesenti
1116 2766 1302 2832 revelationis
1323 2775 1486 2844 conceptus

316 2868 466 2939 tantopere
479 2863 653 2925 obscuretur
667 2870 697 2924 et
712 2870 898 2941 pervertatur
912 2863 1011 2938 abiis,
1026 2864 1077 2941 qui
1099 2865 1245 2941 sapientes
1259 2864 1352 2927 videri
1369 2864 1484 2939 volunt,

316 2956 367 3019 sed
388 2958 546 3036 sapientiae
567 2960 744 3039 principium
767 2960 911 3039 ignorant.
926 2959 1067 3024 Eclectiei
1088 2961 1165 3023 enim
1181 2959 1295 3024 Galliae
1307 2970 1339 3024 et
1353 2961 1486 3025 rationa-

314 3055 400 3118 listae
415 3055 588 3120 Germaniae
607 3056 682 3119 nihil
707 3058 850 3131 crebrius,
864 3074 954 3137 qnam
971 3058 1186 3133 revelationem,
1200 3060 1229 3120 in
1244 3075 1295 3121 ore
1308 3059 1437 3133 habent3
1452 3068 1486 3123 at

312 3156 376 3218 eius
403 3156 518 3219 nomine
547 3172 601 3219 non
629 3156 709 3219 aliud
737 3158 976 3236 interpretantur,
996 3174 1086 3235 quam
1108 3164 1297 3237 spontaneam
1319 3158 1484 3238 quamdam

313 3253 420 3317 mentis
433 3253 636 3328 evolutionem,
652 3255 846 3333 notitiamque
860 3255 940 3318 illam
954 3255 1129 3330 naturalem,
1144 3272 1202 3333 qua
1219 3254 1298 3318 Deus
1314 3272 1365 3335 per
1375 3258 1483 3320 muudi

314 3350 515 3430 spectaculum
526 3366 557 3413 se
567 3352 650 3415 nobis
663 3352 837 3415 manilestat.
848 3349 887 3415 Et
898 3352 1034 3430 quoniam
1047 3354 1216 3416 huiusmodi
1228 3354 1362 3417 homines
1373 3353 1482 3416 iisdem

312 3454 371 3514 lere
396 3451 494 3513 verbis
520 3458 653 3522 utuntur,
678 3450 752 3513 satis
781 3450 821 3513 sit
845 3452 931 3513 nnius
957 3450 1120 3512 dumtaxat.
1137 3451 1337 3513 testimouium
1359 3452 1482 3533 reterre.

311 3548 431 3612 Ahrens
457 3548 555 3625 itaque
583 3548 612 3609 in
642 3548 739 3627 primo
764 3548 861 3626 capite
888 3548 998 3625 primae
1019 3548 1171 3610 divisionis
1193 3550 1298 3610 tertiae
1319 3549 1411 3625 partis
1432 3550 1482 3611 sui

310 3648 416 3725 operis,
438 3654 596 3725 postquam
617 3646 710 3708 edixit
731 3661 845 3709 omnem
867 3646 1046 3725 relig‘onem
1069 3652 1101 3707 ut
1123 3646 1216 3709 solido
1238 3655 1268 3707 et
1287 3644 1388 3708 stabili
1413 3646 1485 3708 lon·

310 3746 447 3809 demente
468 3746 591 3818 nitatur,
613 3744 710 3808 divina
732 3742 909 3807 revelatione
930 3744 1095 3821 superstrui
1115 3752 1265 3822 oportere;
1282 3745 1359 3806 hanc
1375 3744 1484 3807 deinde

311 3858 348 3905 ex
368 3860 401 3907 eo
423 3844 526 3908 haberi
548 3843 644 3916 docet,
665 3842 742 3927 qnod
765 3840 892 3903 mondus
917 3842 1072 3920 cogitetur
1085 3850 1118 3903 ut
1139 3842 1335 3903 manifestatio
1356 3849 1484 3904 naturae

312 3939 437 4013 divinae,
457 3950 486 4005 et
507 3940 631 4020 spiritus
654 3938 809 4017 speciatim
831 3945 864 3999 ut
884 3939 1059 4013 subiectum,
1079 3938 1127 4001 cui
1149 3936 1230 4001 Deus
1250 3954 1282 4001 se
1306 3938 1414 4017 iugiter
1434 3955 1484 4003 re-

312 4036 387 4100 velet
408 4038 437 4099 vi
457 4054 630 4119 magnarum
651 4038 785 4102 idearum
801 4036 941 4101 nouitatis
955 4052 990 4099 ac
1005 4036 1149 4111 veritatis,
1162 4052 1238 4115 quae
1252 4036 1328 4099 inter
1342 4037 1481 4101 homines

311 4142 517 4212 propagantur.
535 4134 584 4203 Sic
605 4136 811 4202 revelationem
833 4134 948 4199 nonnisi
969 4136 1082 4199 ambitu
1103 4134 1246 4197 naturalis
1262 4133 1382 4198 luminis
1396 4151 1483 4199 eom·

310 4230 476 4311 prehendit,
499 4247 564 4295 sese
588 4250 640 4311 per
664 4233 937 4312 contemplationem
962 4234 1063 4295 mnndi
1088 4232 1263 4307 evolventis;
1289 4248 1333 4307 ae,
1357 4233 1481 4313 propria
