<?xml version="1.0" encoding="UTF-8"?>
<!DOCTYPE html PUBLIC "-//W3C//DTD XHTML 1.0 Transitional//EN"
    "http://www.w3.org/TR/xhtml1/DTD/xhtml1-transitional.dtd">
<html xmlns="http://www.w3.org/1999/xhtml" xml:lang="en" lang="en">
 <head>
  <title>
</title>
<meta http-equiv="Content-Type" content="text/html;charset=utf-8" />
  <meta name='ocr-system' content='tesseract 3.04.00' />
  <meta name='ocr-capabilities' content='ocr_page ocr_carea ocr_par ocr_line ocrx_word'/>
</head>
<body>
  <div class='ocr_page' id='page_1' title='image "./institutioneset00libegoog_0354.png"; bbox 0 0 3159 4934; ppageno 0'>
   <div class='ocr_carea' id='block_1_1' title="bbox 301 341 1270 398">
    <p class='ocr_par' dir='ltr' id='par_1_1' title="bbox 301 341 1270 398">
     <span class='ocr_line' id='line_1_1' title="bbox 301 341 1270 398; baseline 0.004 -5"><span class='ocrx_word' id='word_1_1' title='bbox 301 352 388 395; x_wconf 85' lang='lat' dir='ltr'><strong>saror</strong></span> <span class='ocrx_word' id='word_1_2' title='bbox 406 354 422 394; x_wconf 91' lang='lat' dir='ltr'><strong>r.</strong></span> <span class='ocrx_word' id='word_1_3' title='bbox 443 353 477 393; x_wconf 90' lang='lat' dir='ltr'><strong>on</strong></span> <span class='ocrx_word' id='word_1_4' title='bbox 495 353 613 395; x_wconf 81' lang='lat' dir='ltr'><strong>nnnrrurr</strong></span> <span class='ocrx_word' id='word_1_5' title='bbox 632 352 825 396; x_wconf 82' lang='lat' dir='ltr'><strong>anourromens</strong></span> <span class='ocrx_word' id='word_1_6' title='bbox 842 356 868 397; x_wconf 82' lang='lat' dir='ltr'><strong>ru</strong></span> <span class='ocrx_word' id='word_1_7' title='bbox 883 354 971 398; x_wconf 83' lang='lat' dir='ltr'><strong>srnru</strong></span> <span class='ocrx_word' id='word_1_8' title='bbox 990 354 1065 397; x_wconf 81' lang='lat' dir='ltr'><strong>raons</strong></span> <span class='ocrx_word' id='word_1_9' title='bbox 1216 341 1270 398; x_wconf 74' lang='lat' dir='ltr'><strong>ele</strong></span> 
     </span>
    </p>
   </div>
   <div class='ocr_carea' id='block_1_2' title="bbox 7 463 1271 1231">
    <p class='ocr_par' dir='ltr' id='par_1_2' title="bbox 7 463 1271 1231">
     <span class='ocr_line' id='line_1_2' title="bbox 89 463 1269 547; baseline 0.004 -22"><span class='ocrx_word' id='word_1_10' title='bbox 89 463 196 526; x_wconf 84' lang='lat' dir='ltr'><strong>foedus</strong></span> <span class='ocrx_word' id='word_1_11' title='bbox 215 472 281 526; x_wconf 90' lang='lat' dir='ltr'><strong>erat</strong></span> <span class='ocrx_word' id='word_1_12' title='bbox 300 464 460 543; x_wconf 89' lang='lat' dir='ltr'><strong>personale,</strong></span> <span class='ocrx_word' id='word_1_13' title='bbox 481 465 617 529; x_wconf 79' lang='lat' dir='ltr'><strong>defuncto</strong></span> <span class='ocrx_word' id='word_1_14' title='bbox 642 466 783 544; x_wconf 92' lang='lat' dir='ltr'><strong>principe,</strong></span> <span class='ocrx_word' id='word_1_15' title='bbox 805 468 855 545; x_wconf 92' lang='lat' dir='ltr'><strong>qui</strong></span> <span class='ocrx_word' id='word_1_16' title='bbox 876 466 948 529; x_wconf 93' lang='lat' dir='ltr'><strong>illud</strong></span> <span class='ocrx_word' id='word_1_17' title='bbox 972 467 1046 541; x_wconf 88' lang='lat' dir='ltr'><strong>iniit,</strong></span> <span class='ocrx_word' id='word_1_18' title='bbox 1066 467 1269 547; x_wconf 86' lang='lat' dir='ltr'><strong>extinguitur;</strong></span> 
     </span>
     <span class='ocr_line' id='line_1_3' title="bbox 89 560 1267 643; baseline 0.004 -22"><span class='ocrx_word' id='word_1_19' title='bbox 89 562 137 621; x_wconf 91' lang='lat' dir='ltr'><strong>sin</strong></span> <span class='ocrx_word' id='word_1_20' title='bbox 151 560 242 624; x_wconf 87' lang='lat' dir='ltr'><strong>luerit</strong></span> <span class='ocrx_word' id='word_1_21' title='bbox 255 561 342 635; x_wconf 89' lang='lat' dir='ltr'><strong>reale,</strong></span> <span class='ocrx_word' id='word_1_22' title='bbox 356 562 529 625; x_wconf 80' lang='lat' dir='ltr'><strong>dissolvitur</strong></span> <span class='ocrx_word' id='word_1_23' title='bbox 544 572 638 625; x_wconf 91' lang='lat' dir='ltr'><strong>morte</strong></span> <span class='ocrx_word' id='word_1_24' title='bbox 651 563 732 625; x_wconf 86' lang='lat' dir='ltr'><strong>civili</strong></span> <span class='ocrx_word' id='word_1_25' title='bbox 746 564 934 643; x_wconf 84' lang='lat' dir='ltr'><strong>reipublicae,</strong></span> <span class='ocrx_word' id='word_1_26' title='bbox 950 581 1018 628; x_wconf 88' lang='lat' dir='ltr'><strong>eum</strong></span> <span class='ocrx_word' id='word_1_27' title='bbox 1031 564 1168 627; x_wconf 89' lang='lat' dir='ltr'><strong>videlicet</strong></span> <span class='ocrx_word' id='word_1_28' title='bbox 1183 580 1267 643; x_wconf 88' lang='lat' dir='ltr'><strong>gens,</strong></span> 
     </span>
     <span class='ocr_line' id='line_1_4' title="bbox 88 658 1268 740; baseline 0.003 -21"><span class='ocrx_word' id='word_1_29' title='bbox 88 658 209 722; x_wconf 82' lang='lat' dir='ltr'><strong>loedere</strong></span> <span class='ocrx_word' id='word_1_30' title='bbox 229 660 381 734; x_wconf 89' lang='lat' dir='ltr'><strong>adstricta,</strong></span> <span class='ocrx_word' id='word_1_31' title='bbox 402 661 552 738; x_wconf 78' lang='lat' dir='ltr'>propriam</span> <span class='ocrx_word' id='word_1_32' title='bbox 573 660 683 723; x_wconf 88' lang='lat' dir='ltr'><strong>amittit</strong></span> <span class='ocrx_word' id='word_1_33' title='bbox 706 661 856 738; x_wconf 79' lang='lat' dir='ltr'>politicam</span> <span class='ocrx_word' id='word_1_34' title='bbox 871 662 1074 731; x_wconf 74' lang='lat' dir='ltr'><strong>exsistentiam</strong></span> <span class='ocrx_word' id='word_1_35' title='bbox 1089 678 1125 725; x_wconf 85' lang='lat' dir='ltr'><strong>ex</strong></span> <span class='ocrx_word' id='word_1_36' title='bbox 1139 676 1174 725; x_wconf 91' lang='lat' dir='ltr'><strong>eo</strong></span> <span class='ocrx_word' id='word_1_37' title='bbox 1187 661 1268 740; x_wconf 84' lang='lat' dir='ltr'><strong>quod</strong></span> 
     </span>
     <span class='ocr_line' id='line_1_5' title="bbox 90 757 1270 838; baseline 0.004 -20"><span class='ocrx_word' id='word_1_38' title='bbox 90 758 122 819; x_wconf 94' lang='lat' dir='ltr'><strong>iu</strong></span> <span class='ocrx_word' id='word_1_39' title='bbox 139 757 261 821; x_wconf 90' lang='lat' dir='ltr'><strong>alterius</strong></span> <span class='ocrx_word' id='word_1_40' title='bbox 275 759 374 837; x_wconf 87' lang='lat' dir='ltr'><strong>gentis</strong></span> <span class='ocrx_word' id='word_1_41' title='bbox 385 774 494 838; x_wconf 90' lang='lat' dir='ltr'><strong>corpus</strong></span> <span class='ocrx_word' id='word_1_42' title='bbox 519 758 670 837; x_wconf 89' lang='lat' dir='ltr'><strong>politicum</strong></span> <span class='ocrx_word' id='word_1_43' title='bbox 686 760 904 823; x_wconf 74' lang='lat' dir='ltr'><strong>transfunditur</strong></span> <span class='ocrx_word' id='word_1_44' title='bbox 918 768 971 823; x_wconf 88' lang='lat' dir='ltr'><strong>aut</strong></span> <span class='ocrx_word' id='word_1_45' title='bbox 993 760 1057 823; x_wconf 93' lang='lat' dir='ltr'><strong>eins</strong></span> <span class='ocrx_word' id='word_1_46' title='bbox 1078 760 1181 823; x_wconf 92' lang='lat' dir='ltr'><strong>ditioni</strong></span> <span class='ocrx_word' id='word_1_47' title='bbox 1197 760 1270 823; x_wconf 91' lang='lat' dir='ltr'><strong>sub·</strong></span> 
     </span>
     <span class='ocr_line' id='line_1_6' title="bbox 90 854 1271 955; baseline 0.003 -38"><span class='ocrx_word' id='word_1_48' title='bbox 90 857 205 919; x_wconf 92' lang='lat' dir='ltr'><strong>iicitur.</strong></span> <span class='ocrx_word' id='word_1_49' title='bbox 219 854 521 955; x_wconf 46' lang='lat' dir='ltr'><strong>Termes—diffinitum</strong></span> <span class='ocrx_word' id='word_1_50' title='bbox 540 858 644 936; x_wconf 82' lang='lat' dir='ltr'><strong>foedus</strong></span> <span class='ocrx_word' id='word_1_51' title='bbox 665 857 752 935; x_wconf 91' lang='lat' dir='ltr'><strong>lapsu</strong></span> <span class='ocrx_word' id='word_1_52' title='bbox 773 858 929 937; x_wconf 89' lang='lat' dir='ltr'><strong>temporis,</strong></span> <span class='ocrx_word' id='word_1_53' title='bbox 950 858 988 921; x_wconf 89' lang='lat' dir='ltr'><strong>ab</strong></span> <span class='ocrx_word' id='word_1_54' title='bbox 1009 874 1042 921; x_wconf 94' lang='lat' dir='ltr'><strong>eo</strong></span> <span class='ocrx_word' id='word_1_55' title='bbox 1063 857 1203 936; x_wconf 87' lang='lat' dir='ltr'><strong>explicite</strong></span> <span class='ocrx_word' id='word_1_56' title='bbox 1217 858 1271 921; x_wconf 89' lang='lat' dir='ltr'><strong>de-</strong></span> 
     </span>
     <span class='ocr_line' id='line_1_7' title="bbox 93 952 1270 1035; baseline 0.002 -18"><span class='ocrx_word' id='word_1_57' title='bbox 93 954 245 1017; x_wconf 91' lang='lat' dir='ltr'><strong>terminati</strong></span> <span class='ocrx_word' id='word_1_58' title='bbox 263 963 317 1017; x_wconf 91' lang='lat' dir='ltr'><strong>aut</strong></span> <span class='ocrx_word' id='word_1_59' title='bbox 337 955 426 1018; x_wconf 92' lang='lat' dir='ltr'><strong>etiam</strong></span> <span class='ocrx_word' id='word_1_60' title='bbox 447 956 598 1034; x_wconf 77' lang='lat' dir='ltr'><strong>implicite.</strong></span> <span class='ocrx_word' id='word_1_61' title='bbox 621 952 773 1033; x_wconf 86' lang='lat' dir='ltr'><strong>Postremo</strong></span> <span class='ocrx_word' id='word_1_62' title='bbox 793 963 894 1019; x_wconf 89' lang='lat' dir='ltr'><strong>cessat</strong></span> <span class='ocrx_word' id='word_1_63' title='bbox 914 962 1035 1035; x_wconf 90' lang='lat' dir='ltr'><strong>propter</strong></span> <span class='ocrx_word' id='word_1_64' title='bbox 1054 956 1223 1019; x_wconf 84' lang='lat' dir='ltr'><strong>absolutam</strong></span> <span class='ocrx_word' id='word_1_65' title='bbox 1238 964 1270 1019; x_wconf 91' lang='lat' dir='ltr'><strong>et</strong></span> 
     </span>
     <span class='ocr_line' id='line_1_8' title="bbox 7 1028 1264 1132; baseline 0.002 -19"><span class='ocrx_word' id='word_1_66' title='bbox 7 1106 17 1122; x_wconf 84' lang='lat'><strong>,</strong></span> <span class='ocrx_word' id='word_1_67' title='bbox 93 1059 267 1129; x_wconf 89' lang='lat' dir='ltr'><strong>perpetuam</strong></span> <span class='ocrx_word' id='word_1_68' title='bbox 294 1052 509 1131; x_wconf 71' lang='lat' dir='ltr'><strong>impotentiamt</strong></span> <span class='ocrx_word' id='word_1_69' title='bbox 540 1069 608 1115; x_wconf 89' lang='lat' dir='ltr'><strong>eum</strong></span> <span class='ocrx_word' id='word_1_70' title='bbox 637 1028 943 1116; x_wconf 58' lang='lat' dir='ltr'><strong>videlicffiffirutra</strong></span> <span class='ocrx_word' id='word_1_71' title='bbox 974 1069 1043 1131; x_wconf 92' lang='lat' dir='ltr'><strong>pars</strong></span> <span class='ocrx_word' id='word_1_72' title='bbox 1065 1069 1126 1117; x_wconf 92' lang='lat' dir='ltr'><strong>rem</strong></span> <span class='ocrx_word' id='word_1_73' title='bbox 1148 1060 1264 1132; x_wconf 88' lang='lat' dir='ltr'><strong>pactam</strong></span> 
     </span>
     <span class='ocr_line' id='line_1_9' title="bbox 93 1149 1268 1231; baseline 0.003 -20"><span class='ocrx_word' id='word_1_74' title='bbox 93 1152 161 1213; x_wconf 89' lang='lat' dir='ltr'><strong>sine</strong></span> <span class='ocrx_word' id='word_1_75' title='bbox 180 1166 233 1212; x_wconf 92' lang='lat' dir='ltr'><strong>sua</strong></span> <span class='ocrx_word' id='word_1_76' title='bbox 253 1150 341 1228; x_wconf 85' lang='lat' dir='ltr'><strong>culpa</strong></span> <span class='ocrx_word' id='word_1_77' title='bbox 362 1149 483 1229; x_wconf 89' lang='lat' dir='ltr'><strong>implere</strong></span> <span class='ocrx_word' id='word_1_78' title='bbox 504 1167 560 1215; x_wconf 92' lang='lat' dir='ltr'><strong>non</strong></span> <span class='ocrx_word' id='word_1_79' title='bbox 585 1157 690 1229; x_wconf 87' lang='lat' dir='ltr'><strong>potest,</strong></span> <span class='ocrx_word' id='word_1_80' title='bbox 711 1167 764 1213; x_wconf 90' lang='lat' dir='ltr'><strong>nec</strong></span> <span class='ocrx_word' id='word_1_81' title='bbox 784 1166 853 1230; x_wconf 90' lang='lat' dir='ltr'><strong>spes</strong></span> <span class='ocrx_word' id='word_1_82' title='bbox 879 1158 1002 1229; x_wconf 89' lang='lat' dir='ltr'><strong>apparet</strong></span> <span class='ocrx_word' id='word_1_83' title='bbox 1023 1150 1104 1229; x_wconf 89' lang='lat' dir='ltr'><strong>quod</strong></span> <span class='ocrx_word' id='word_1_84' title='bbox 1128 1151 1268 1231; x_wconf 77' lang='lat' dir='ltr'><strong>deinceps</strong></span> 
     </span>
    </p>
   </div>
   <div class='ocr_carea' id='block_1_3' title="bbox 94 1248 201 1325">
    <p class='ocr_par' dir='ltr' id='par_1_3' title="bbox 94 1248 201 1325">
     <span class='ocr_line' id='line_1_10' title="bbox 94 1248 201 1325; baseline 0.009 -17"><span class='ocrx_word' id='word_1_85' title='bbox 94 1248 201 1325; x_wconf 88' lang='lat' dir='ltr'><strong>possit.</strong></span> 
     </span>
    </p>
   </div>
   <div class='ocr_carea' id='block_1_4' title="bbox 517 1425 851 1642">
    <p class='ocr_par' dir='ltr' id='par_1_4' title="bbox 517 1425 851 1642">
     <span class='ocr_line' id='line_1_11' title="bbox 559 1425 803 1492; baseline -0.004 -3"><span class='ocrx_word' id='word_1_86' title='bbox 559 1425 728 1492; x_wconf 80' lang='lat' dir='ltr'><strong>Annicuuos</strong></span> <span class='ocrx_word' id='word_1_87' title='bbox 750 1425 803 1492; x_wconf 84' lang='lat' dir='ltr'><strong>lv.</strong></span> 
     </span>
     <span class='ocr_line' id='line_1_12' title="bbox 517 1558 851 1642; baseline 0 -19"><span class='ocrx_word' id='word_1_88' title='bbox 517 1558 567 1623; x_wconf 88' lang='lat' dir='ltr'><strong>Dc</strong></span> <span class='ocrx_word' id='word_1_89' title='bbox 586 1560 656 1622; x_wconf 77' lang='lat' dir='ltr'><strong>iore</strong></span> <span class='ocrx_word' id='word_1_90' title='bbox 676 1560 851 1642; x_wconf 80' lang='lat' dir='ltr'><strong>legationis.</strong></span> 
     </span>
    </p>
   </div>
   <div class='ocr_carea' id='block_1_5' title="bbox 91 1734 1350 4360">
    <p class='ocr_par' dir='ltr' id='par_1_5' title="bbox 91 1734 1271 2209">
     <span class='ocr_line' id='line_1_13' title="bbox 137 1734 1270 1819; baseline 0.003 -21"><span class='ocrx_word' id='word_1_91' title='bbox 137 1734 183 1799; x_wconf 83' lang='lat'><strong>17.</strong></span> <span class='ocrx_word' id='word_1_92' title='bbox 207 1736 271 1803; x_wconf 91' lang='lat' dir='ltr'><strong>lloc</strong></span> <span class='ocrx_word' id='word_1_93' title='bbox 285 1734 332 1804; x_wconf 83' lang='lat' dir='ltr'><strong>ius</strong></span> <span class='ocrx_word' id='word_1_94' title='bbox 346 1736 443 1805; x_wconf 89' lang='lat' dir='ltr'><strong>oritur</strong></span> <span class='ocrx_word' id='word_1_95' title='bbox 457 1754 478 1804; x_wconf 84' lang='lat' dir='ltr'><strong>a</strong></span> <span class='ocrx_word' id='word_1_96' title='bbox 493 1742 618 1806; x_wconf 87' lang='lat' dir='ltr'><strong>natura.</strong></span> <span class='ocrx_word' id='word_1_97' title='bbox 641 1738 791 1813; x_wconf 83' lang='lat' dir='ltr'><strong>Nationes,</strong></span> <span class='ocrx_word' id='word_1_98' title='bbox 809 1748 841 1801; x_wconf 89' lang='lat' dir='ltr'><strong>ut</strong></span> <span class='ocrx_word' id='word_1_99' title='bbox 856 1756 944 1819; x_wconf 84' lang='lat' dir='ltr'><strong>saepe</strong></span> <span class='ocrx_word' id='word_1_100' title='bbox 966 1740 1078 1803; x_wconf 90' lang='lat' dir='ltr'><strong>dictum</strong></span> <span class='ocrx_word' id='word_1_101' title='bbox 1098 1738 1270 1814; x_wconf 73' lang='lat' dir='ltr'><strong>estodium</strong></span> 
     </span>
     <span class='ocr_line' id='line_1_14' title="bbox 92 1836 1269 1916; baseline 0.002 -19"><span class='ocrx_word' id='word_1_102' title='bbox 92 1842 235 1898; x_wconf 85' lang='lat' dir='ltr'><strong>tenentur</strong></span> <span class='ocrx_word' id='word_1_103' title='bbox 254 1836 311 1899; x_wconf 86' lang='lat' dir='ltr'><strong>sibi</strong></span> <span class='ocrx_word' id='word_1_104' title='bbox 331 1837 455 1900; x_wconf 90' lang='lat' dir='ltr'><strong>invicem</strong></span> <span class='ocrx_word' id='word_1_105' title='bbox 477 1838 649 1916; x_wconf 91' lang='lat' dir='ltr'><strong>opitulandi,</strong></span> <span class='ocrx_word' id='word_1_106' title='bbox 670 1854 706 1901; x_wconf 90' lang='lat' dir='ltr'><strong>ac</strong></span> <span class='ocrx_word' id='word_1_107' title='bbox 726 1838 843 1909; x_wconf 87' lang='lat' dir='ltr'><strong>fovendi</strong></span> <span class='ocrx_word' id='word_1_108' title='bbox 863 1846 998 1901; x_wconf 89' lang='lat' dir='ltr'><strong>mutuam</strong></span> <span class='ocrx_word' id='word_1_109' title='bbox 1021 1838 1218 1911; x_wconf 84' lang='lat' dir='ltr'><strong>dilectionem,</strong></span> <span class='ocrx_word' id='word_1_110' title='bbox 1231 1838 1269 1899; x_wconf 92' lang='lat' dir='ltr'><strong>ad</strong></span> 
     </span>
     <span class='ocr_line' id='line_1_15' title="bbox 91 1934 1270 2031; baseline 0 -36"><span class='ocrx_word' id='word_1_111' title='bbox 91 1951 186 2011; x_wconf 84' lang='lat' dir='ltr'><strong>quam</strong></span> <span class='ocrx_word' id='word_1_112' title='bbox 209 1944 331 1997; x_wconf 89' lang='lat' dir='ltr'><strong>naturae</strong></span> <span class='ocrx_word' id='word_1_113' title='bbox 351 1937 487 2015; x_wconf 86' lang='lat' dir='ltr'><strong>coguatio</strong></span> <span class='ocrx_word' id='word_1_114' title='bbox 506 1944 608 2015; x_wconf 89' lang='lat' dir='ltr'><strong>gentes</strong></span> <span class='ocrx_word' id='word_1_115' title='bbox 628 1951 727 1999; x_wconf 89' lang='lat' dir='ltr'><strong>omnes</strong></span> <span class='ocrx_word' id='word_1_116' title='bbox 742 1936 908 2015; x_wconf 84' lang='lat' dir='ltr'><strong>adstringit.</strong></span> <span class='ocrx_word' id='word_1_117' title='bbox 924 1934 1207 2031; x_wconf 36' lang='lat' dir='ltr'><strong>Hino‘consequitur</strong></span> <span class='ocrx_word' id='word_1_118' title='bbox 1222 1936 1270 1996; x_wconf 92' lang='lat' dir='ltr'><strong>ius</strong></span> 
     </span>
     <span class='ocr_line' id='line_1_16' title="bbox 92 2032 1271 2111; baseline 0 -17"><span class='ocrx_word' id='word_1_119' title='bbox 92 2032 332 2096; x_wconf 85' lang='lat' dir='ltr'><strong>communicandi</strong></span> <span class='ocrx_word' id='word_1_120' title='bbox 348 2032 424 2095; x_wconf 90' lang='lat' dir='ltr'><strong>inter</strong></span> <span class='ocrx_word' id='word_1_121' title='bbox 438 2049 480 2106; x_wconf 89' lang='lat' dir='ltr'><strong>se,</strong></span> <span class='ocrx_word' id='word_1_122' title='bbox 494 2041 524 2096; x_wconf 91' lang='lat' dir='ltr'><strong>et</strong></span> <span class='ocrx_word' id='word_1_123' title='bbox 537 2034 667 2097; x_wconf 86' lang='lat' dir='ltr'><strong>officium</strong></span> <span class='ocrx_word' id='word_1_124' title='bbox 689 2050 744 2096; x_wconf 91' lang='lat' dir='ltr'><strong>non</strong></span> <span class='ocrx_word' id='word_1_125' title='bbox 771 2034 937 2096; x_wconf 86' lang='lat' dir='ltr'><strong>declinandi</strong></span> <span class='ocrx_word' id='word_1_126' title='bbox 959 2032 1067 2107; x_wconf 85' lang='lat' dir='ltr'><strong>media,</strong></span> <span class='ocrx_word' id='word_1_127' title='bbox 1082 2034 1146 2095; x_wconf 88' lang='lat' dir='ltr'><strong>sine</strong></span> <span class='ocrx_word' id='word_1_128' title='bbox 1159 2034 1271 2111; x_wconf 85' lang='lat' dir='ltr'><strong>quihus</strong></span> 
     </span>
     <span class='ocr_line' id='line_1_17' title="bbox 92 2130 1270 2209; baseline 0.002 -18"><span class='ocrx_word' id='word_1_129' title='bbox 92 2130 239 2193; x_wconf 90' lang='lat' dir='ltr'><strong>eiusmodi</strong></span> <span class='ocrx_word' id='word_1_130' title='bbox 261 2131 539 2193; x_wconf 84' lang='lat' dir='ltr'><strong>communicationes</strong></span> <span class='ocrx_word' id='word_1_131' title='bbox 558 2140 588 2193; x_wconf 90' lang='lat' dir='ltr'><strong>et</strong></span> <span class='ocrx_word' id='word_1_132' title='bbox 609 2141 729 2194; x_wconf 88' lang='lat' dir='ltr'><strong>mutuae</strong></span> <span class='ocrx_word' id='word_1_133' title='bbox 750 2132 899 2194; x_wconf 90' lang='lat' dir='ltr'><strong>amicitiae</strong></span> <span class='ocrx_word' id='word_1_134' title='bbox 920 2132 1050 2195; x_wconf 85' lang='lat' dir='ltr'><strong>exerceri</strong></span> <span class='ocrx_word' id='word_1_135' title='bbox 1066 2148 1122 2195; x_wconf 91' lang='lat' dir='ltr'><strong>non</strong></span> <span class='ocrx_word' id='word_1_136' title='bbox 1138 2139 1270 2209; x_wconf 85' lang='lat' dir='ltr'><strong>possent.</strong></span> 
     </span>
    </p>

    <p class='ocr_par' dir='ltr' id='par_1_6' title="bbox 93 2224 1271 3484">
     <span class='ocr_line' id='line_1_18' title="bbox 136 2224 1268 2307; baseline 0.003 -17"><span class='ocrx_word' id='word_1_137' title='bbox 136 2224 231 2290; x_wconf 89' lang='lat' dir='ltr'><strong>Immo</strong></span> <span class='ocrx_word' id='word_1_138' title='bbox 245 2228 334 2289; x_wconf 91' lang='lat' dir='ltr'><strong>etiam</strong></span> <span class='ocrx_word' id='word_1_139' title='bbox 348 2242 384 2289; x_wconf 92' lang='lat' dir='ltr'><strong>ne</strong></span> <span class='ocrx_word' id='word_1_140' title='bbox 399 2234 529 2305; x_wconf 89' lang='lat' dir='ltr'><strong>tempore</strong></span> <span class='ocrx_word' id='word_1_141' title='bbox 543 2228 661 2307; x_wconf 89' lang='lat' dir='ltr'><strong>quidem</strong></span> <span class='ocrx_word' id='word_1_142' title='bbox 684 2227 752 2291; x_wconf 89' lang='lat' dir='ltr'><strong>belli</strong></span> <span class='ocrx_word' id='word_1_143' title='bbox 767 2231 842 2293; x_wconf 88' lang='lat' dir='ltr'><strong>haec</strong></span> <span class='ocrx_word' id='word_1_144' title='bbox 856 2237 978 2293; x_wconf 89' lang='lat' dir='ltr'><strong>naturae</strong></span> <span class='ocrx_word' id='word_1_145' title='bbox 1000 2236 1095 2292; x_wconf 87' lang='lat' dir='ltr'><strong>cessat</strong></span> <span class='ocrx_word' id='word_1_146' title='bbox 1110 2228 1268 2306; x_wconf 87' lang='lat' dir='ltr'><strong>obligati0;</strong></span> 
     </span>
     <span class='ocr_line' id='line_1_19' title="bbox 93 2324 1269 2416; baseline 0.003 -32"><span class='ocrx_word' id='word_1_147' title='bbox 93 2324 241 2401; x_wconf 90' lang='lat' dir='ltr'><strong>siqnidem</strong></span> <span class='ocrx_word' id='word_1_148' title='bbox 263 2340 320 2387; x_wconf 92' lang='lat' dir='ltr'><strong>uon</strong></span> <span class='ocrx_word' id='word_1_149' title='bbox 340 2326 378 2387; x_wconf 90' lang='lat' dir='ltr'><strong>ad</strong></span> <span class='ocrx_word' id='word_1_150' title='bbox 399 2325 601 2388; x_wconf 90' lang='lat' dir='ltr'><strong>dissidendum</strong></span> <span class='ocrx_word' id='word_1_151' title='bbox 616 2326 692 2389; x_wconf 90' lang='lat' dir='ltr'><strong>inter</strong></span> <span class='ocrx_word' id='word_1_152' title='bbox 712 2342 755 2401; x_wconf 89' lang='lat' dir='ltr'><strong>sc,</strong></span> <span class='ocrx_word' id='word_1_153' title='bbox 769 2327 822 2389; x_wconf 92' lang='lat' dir='ltr'><strong>sed</strong></span> <span class='ocrx_word' id='word_1_154' title='bbox 842 2327 881 2389; x_wconf 91' lang='lat' dir='ltr'><strong>ad</strong></span> <span class='ocrx_word' id='word_1_155' title='bbox 902 2342 1004 2406; x_wconf 90' lang='lat' dir='ltr'><strong>pacem</strong></span> <span class='ocrx_word' id='word_1_156' title='bbox 1026 2335 1055 2389; x_wconf 91' lang='lat' dir='ltr'><strong>et</strong></span> <span class='ocrx_word' id='word_1_157' title='bbox 1077 2326 1269 2416; x_wconf 68' lang='lat' dir='ltr'><strong>concordiam</strong></span> 
     </span>
     <span class='ocr_line' id='line_1_20' title="bbox 93 2414 1270 2503; baseline 0.001 -20"><span class='ocrx_word' id='word_1_158' title='bbox 93 2420 231 2483; x_wconf 89' lang='lat' dir='ltr'><strong>alendam</strong></span> <span class='ocrx_word' id='word_1_159' title='bbox 253 2430 355 2501; x_wconf 87' lang='lat' dir='ltr'><strong>gentes</strong></span> <span class='ocrx_word' id='word_1_160' title='bbox 369 2423 542 2487; x_wconf 90' lang='lat' dir='ltr'><strong>naturaliter</strong></span> <span class='ocrx_word' id='word_1_161' title='bbox 555 2423 737 2486; x_wconf 89' lang='lat' dir='ltr'><strong>ordinantur.</strong></span> <span class='ocrx_word' id='word_1_162' title='bbox 754 2421 839 2487; x_wconf 86' lang='lat' dir='ltr'><strong>Unde</strong></span> <span class='ocrx_word' id='word_1_163' title='bbox 853 2420 1113 2503; x_wconf 58' lang='lat' dir='ltr'><strong>qundc‘uffluesit</strong></span> <span class='ocrx_word' id='word_1_164' title='bbox 1126 2414 1270 2503; x_wconf 81' lang='lat' dir='ltr'><strong>litigium,</strong></span> 
     </span>
     <span class='ocr_line' id='line_1_21' title="bbox 95 2520 1270 2600; baseline 0.003 -21"><span class='ocrx_word' id='word_1_165' title='bbox 95 2535 158 2597; x_wconf 82' lang='lat' dir='ltr'><strong>quo</strong></span> <span class='ocrx_word' id='word_1_166' title='bbox 178 2520 251 2583; x_wconf 83' lang='lat' dir='ltr'><strong>forte</strong></span> <span class='ocrx_word' id='word_1_167' title='bbox 272 2520 575 2599; x_wconf 60' lang='lat' dir='ltr'><strong>discepteottpateus</strong></span> <span class='ocrx_word' id='word_1_168' title='bbox 590 2520 637 2583; x_wconf 88' lang='lat' dir='ltr'><strong>via</strong></span> <span class='ocrx_word' id='word_1_169' title='bbox 652 2536 768 2600; x_wconf 83' lang='lat' dir='ltr'><strong>semper</strong></span> <span class='ocrx_word' id='word_1_170' title='bbox 789 2538 906 2585; x_wconf 89' lang='lat' dir='ltr'><strong>manere</strong></span> <span class='ocrx_word' id='word_1_171' title='bbox 920 2522 1006 2584; x_wconf 91' lang='lat' dir='ltr'><strong>debet</strong></span> <span class='ocrx_word' id='word_1_172' title='bbox 1028 2522 1064 2583; x_wconf 88' lang='lat' dir='ltr'><strong>ad</strong></span> <span class='ocrx_word' id='word_1_173' title='bbox 1086 2520 1169 2584; x_wconf 89' lang='lat' dir='ltr'><strong>litem</strong></span> <span class='ocrx_word' id='word_1_174' title='bbox 1190 2522 1270 2598; x_wconf 92' lang='lat' dir='ltr'><strong>paci-</strong></span> 
     </span>
     <span class='ocr_line' id='line_1_22' title="bbox 94 2617 1270 2698; baseline 0.003 -20"><span class='ocrx_word' id='word_1_175' title='bbox 94 2619 154 2679; x_wconf 86' lang='lat' dir='ltr'><strong>fiee</strong></span> <span class='ocrx_word' id='word_1_176' title='bbox 174 2617 368 2681; x_wconf 91' lang='lat' dir='ltr'><strong>dirimendam</strong></span> <span class='ocrx_word' id='word_1_177' title='bbox 394 2626 483 2698; x_wconf 88' lang='lat' dir='ltr'><strong>atque</strong></span> <span class='ocrx_word' id='word_1_178' title='bbox 509 2619 548 2681; x_wconf 95' lang='lat' dir='ltr'><strong>ad</strong></span> <span class='ocrx_word' id='word_1_179' title='bbox 568 2626 697 2681; x_wconf 87' lang='lat' dir='ltr'><strong>veterem</strong></span> <span class='ocrx_word' id='word_1_180' title='bbox 724 2620 918 2682; x_wconf 89' lang='lat' dir='ltr'><strong>renovandam</strong></span> <span class='ocrx_word' id='word_1_181' title='bbox 940 2619 1114 2682; x_wconf 89' lang='lat' dir='ltr'><strong>amicitiam.</strong></span> <span class='ocrx_word' id='word_1_182' title='bbox 1137 2617 1270 2698; x_wconf 88' lang='lat' dir='ltr'><strong>Utraque</strong></span> 
     </span>
     <span class='ocr_line' id='line_1_23' title="bbox 95 2716 1269 2796; baseline 0.002 -20"><span class='ocrx_word' id='word_1_183' title='bbox 95 2722 196 2778; x_wconf 89' lang='lat' dir='ltr'><strong>autem</strong></span> <span class='ocrx_word' id='word_1_184' title='bbox 217 2717 294 2780; x_wconf 89' lang='lat' dir='ltr'><strong>ratio</strong></span> <span class='ocrx_word' id='word_1_185' title='bbox 315 2716 476 2780; x_wconf 85' lang='lat' dir='ltr'><strong>luculenter</strong></span> <span class='ocrx_word' id='word_1_186' title='bbox 497 2717 607 2780; x_wconf 85' lang='lat' dir='ltr'><strong>evincit</strong></span> <span class='ocrx_word' id='word_1_187' title='bbox 627 2716 675 2778; x_wconf 91' lang='lat' dir='ltr'><strong>ius</strong></span> <span class='ocrx_word' id='word_1_188' title='bbox 696 2716 830 2787; x_wconf 87' lang='lat' dir='ltr'><strong>mittendi</strong></span> <span class='ocrx_word' id='word_1_189' title='bbox 852 2716 965 2796; x_wconf 88' lang='lat' dir='ltr'><strong>legatos</strong></span> <span class='ocrx_word' id='word_1_190' title='bbox 987 2724 1039 2780; x_wconf 90' lang='lat' dir='ltr'><strong>aut</strong></span> <span class='ocrx_word' id='word_1_191' title='bbox 1060 2718 1269 2793; x_wconf 85' lang='lat' dir='ltr'><strong>internuncios,</strong></span> 
     </span>
     <span class='ocr_line' id='line_1_24' title="bbox 95 2814 1269 2892; baseline 0.003 -18"><span class='ocrx_word' id='word_1_192' title='bbox 95 2820 163 2874; x_wconf 90' lang='lat' dir='ltr'><strong>tum</strong></span> <span class='ocrx_word' id='word_1_193' title='bbox 189 2814 317 2875; x_wconf 90' lang='lat' dir='ltr'><strong>officium</strong></span> <span class='ocrx_word' id='word_1_194' title='bbox 346 2830 396 2877; x_wconf 91' lang='lat' dir='ltr'><strong>eos</strong></span> <span class='ocrx_word' id='word_1_195' title='bbox 424 2814 598 2877; x_wconf 88' lang='lat' dir='ltr'><strong>admittendi</strong></span> <span class='ocrx_word' id='word_1_196' title='bbox 622 2830 783 2892; x_wconf 88' lang='lat' dir='ltr'><strong>eorumque</strong></span> <span class='ocrx_word' id='word_1_197' title='bbox 803 2816 1049 2891; x_wconf 88' lang='lat' dir='ltr'><strong>postulationibus</strong></span> <span class='ocrx_word' id='word_1_198' title='bbox 1070 2815 1269 2879; x_wconf 88' lang='lat' dir='ltr'><strong>auscultandi.</strong></span> 
     </span>
     <span class='ocr_line' id='line_1_25' title="bbox 95 2907 1271 2989; baseline 0.002 -16"><span class='ocrx_word' id='word_1_199' title='bbox 95 2907 177 2973; x_wconf 89' lang='lat' dir='ltr'><strong>Nam</strong></span> <span class='ocrx_word' id='word_1_200' title='bbox 198 2912 248 2989; x_wconf 89' lang='lat' dir='ltr'><strong>qui</strong></span> <span class='ocrx_word' id='word_1_201' title='bbox 271 2911 318 2973; x_wconf 92' lang='lat' dir='ltr'><strong>ius</strong></span> <span class='ocrx_word' id='word_1_202' title='bbox 340 2912 428 2975; x_wconf 89' lang='lat' dir='ltr'><strong>lrabct</strong></span> <span class='ocrx_word' id='word_1_203' title='bbox 441 2919 500 2977; x_wconf 80' lang='lat' dir='ltr'><strong>‚a&#39;ut</strong></span> <span class='ocrx_word' id='word_1_204' title='bbox 520 2912 651 2975; x_wconf 88' lang='lat' dir='ltr'><strong>officinm</strong></span> <span class='ocrx_word' id='word_1_205' title='bbox 666 2912 861 2989; x_wconf 86' lang='lat' dir='ltr'><strong>prosequendi</strong></span> <span class='ocrx_word' id='word_1_206' title='bbox 888 2914 986 2987; x_wconf 82' lang='lat' dir='ltr'><strong>finem,</strong></span> <span class='ocrx_word' id='word_1_207' title='bbox 1007 2913 1054 2975; x_wconf 91' lang='lat' dir='ltr'><strong>ius</strong></span> <span class='ocrx_word' id='word_1_208' title='bbox 1074 2914 1164 2975; x_wconf 87' lang='lat' dir='ltr'><strong>etiam</strong></span> <span class='ocrx_word' id='word_1_209' title='bbox 1179 2914 1271 2977; x_wconf 85' lang='lat' dir='ltr'><strong>habet</strong></span> 
     </span>
     <span class='ocr_line' id='line_1_26' title="bbox 95 3008 1271 3090; baseline -0.002 -15"><span class='ocrx_word' id='word_1_210' title='bbox 95 3011 258 3076; x_wconf 86' lang='lat' dir='ltr'><strong>adhibendi</strong></span> <span class='ocrx_word' id='word_1_211' title='bbox 278 3012 386 3085; x_wconf 91' lang='lat' dir='ltr'><strong>media,</strong></span> <span class='ocrx_word' id='word_1_212' title='bbox 407 3028 483 3090; x_wconf 89' lang='lat' dir='ltr'><strong>quae</strong></span> <span class='ocrx_word' id='word_1_213' title='bbox 497 3012 535 3073; x_wconf 92' lang='lat' dir='ltr'><strong>ad</strong></span> <span class='ocrx_word' id='word_1_214' title='bbox 549 3013 636 3073; x_wconf 90' lang='lat' dir='ltr'><strong>linem</strong></span> <span class='ocrx_word' id='word_1_215' title='bbox 651 3010 840 3074; x_wconf 86' lang='lat' dir='ltr'><strong>obtinendum</strong></span> <span class='ocrx_word' id='word_1_216' title='bbox 856 3018 923 3072; x_wconf 90' lang='lat' dir='ltr'><strong>sunt</strong></span> <span class='ocrx_word' id='word_1_217' title='bbox 940 3011 1115 3073; x_wconf 89' lang='lat' dir='ltr'><strong>necessaria.</strong></span> <span class='ocrx_word' id='word_1_218' title='bbox 1129 3008 1271 3074; x_wconf 89' lang='lat' dir='ltr'><strong>lamvero</strong></span> 
     </span>
     <span class='ocr_line' id='line_1_27' title="bbox 95 3098 1271 3187; baseline -0.003 -15"><span class='ocrx_word' id='word_1_219' title='bbox 95 3111 233 3172; x_wconf 89' lang='lat' dir='ltr'><strong>nationes</strong></span> <span class='ocrx_word' id='word_1_220' title='bbox 241 3098 400 3187; x_wconf 74' lang='lat' dir='ltr'><strong>esrurmtue</strong></span> <span class='ocrx_word' id='word_1_221' title='bbox 413 3118 551 3183; x_wconf 89' lang='lat' dir='ltr'><strong>rectores,</strong></span> <span class='ocrx_word' id='word_1_222' title='bbox 562 3124 630 3171; x_wconf 91' lang='lat' dir='ltr'><strong>cum</strong></span> <span class='ocrx_word' id='word_1_223' title='bbox 645 3108 790 3171; x_wconf 89' lang='lat' dir='ltr'><strong>eiusmodi</strong></span> <span class='ocrx_word' id='word_1_224' title='bbox 806 3108 1085 3171; x_wconf 87' lang='lat' dir='ltr'><strong>communicationes</strong></span> <span class='ocrx_word' id='word_1_225' title='bbox 1100 3107 1271 3170; x_wconf 88' lang='lat' dir='ltr'><strong>immediate</strong></span> 
     </span>
     <span class='ocr_line' id='line_1_28' title="bbox 96 3204 1270 3295; baseline -0.005 -25"><span class='ocrx_word' id='word_1_226' title='bbox 96 3224 150 3286; x_wconf 91' lang='lat' dir='ltr'><strong>per</strong></span> <span class='ocrx_word' id='word_1_227' title='bbox 165 3222 197 3270; x_wconf 91' lang='lat' dir='ltr'><strong>se</strong></span> <span class='ocrx_word' id='word_1_228' title='bbox 210 3223 347 3271; x_wconf 83' lang='lat' dir='ltr'><strong>exercere</strong></span> <span class='ocrx_word' id='word_1_229' title='bbox 361 3213 514 3285; x_wconf 82' lang='lat' dir='ltr'><strong>nequeant,</strong></span> <span class='ocrx_word' id='word_1_230' title='bbox 525 3206 640 3285; x_wconf 87' lang='lat' dir='ltr'><strong>aliquos</strong></span> <span class='ocrx_word' id='word_1_231' title='bbox 655 3205 780 3285; x_wconf 80' lang='lat' dir='ltr'><strong>seligant</strong></span> <span class='ocrx_word' id='word_1_232' title='bbox 795 3220 914 3267; x_wconf 91' lang='lat' dir='ltr'><strong>neccsse</strong></span> <span class='ocrx_word' id='word_1_233' title='bbox 928 3212 1069 3292; x_wconf 19' lang='lat' dir='ltr'><strong>est-catos</strong></span> <span class='ocrx_word' id='word_1_234' title='bbox 1082 3204 1270 3295; x_wconf 78' lang='lat' dir='ltr'><strong>scientesque</strong></span> 
     </span>
     <span class='ocr_line' id='line_1_29' title="bbox 96 3292 1270 3386; baseline -0.006 -18"><span class='ocrx_word' id='word_1_235' title='bbox 96 3308 187 3380; x_wconf 78' lang='lat' dir='ltr'><strong>viros</strong></span> <span class='ocrx_word' id='word_1_236' title='bbox 201 3295 309 3386; x_wconf 87' lang='lat' dir='ltr'><strong>quibus</strong></span> <span class='ocrx_word' id='word_1_237' title='bbox 323 3313 436 3372; x_wconf 88' lang='lat' dir='ltr'><strong>tantum</strong></span> <span class='ocrx_word' id='word_1_238' title='bbox 452 3305 586 3383; x_wconf 82' lang='lat' dir='ltr'><strong>delegerit</strong></span> <span class='ocrx_word' id='word_1_239' title='bbox 599 3320 716 3378; x_wconf 91' lang='lat' dir='ltr'><strong>munus,</strong></span> <span class='ocrx_word' id='word_1_240' title='bbox 729 3311 759 3367; x_wconf 91' lang='lat' dir='ltr'><strong>et</strong></span> <span class='ocrx_word' id='word_1_241' title='bbox 773 3303 825 3381; x_wconf 88' lang='lat' dir='ltr'><strong>qui</strong></span> <span class='ocrx_word' id='word_1_242' title='bbox 840 3302 961 3380; x_wconf 91' lang='lat' dir='ltr'><strong>proinde</strong></span> <span class='ocrx_word' id='word_1_243' title='bbox 983 3292 1219 3381; x_wconf 73' lang='lat' dir='ltr'><strong>apud&#39;gentem,</strong></span> <span class='ocrx_word' id='word_1_244' title='bbox 1232 3300 1270 3361; x_wconf 94' lang='lat' dir='ltr'><strong>ad</strong></span> 
     </span>
     <span class='ocr_line' id='line_1_30' title="bbox 96 3389 1227 3484; baseline -0.007 -17"><span class='ocrx_word' id='word_1_245' title='bbox 96 3389 377 3484; x_wconf 64' lang='lat' dir='ltr'><strong>qua&#39;mmitt&#39;un&#39;tur,</strong></span> <span class='ocrx_word' id='word_1_246' title='bbox 399 3402 547 3481; x_wconf 88' lang='lat' dir='ltr'><strong>propriam</strong></span> <span class='ocrx_word' id='word_1_247' title='bbox 568 3402 714 3465; x_wconf 89' lang='lat' dir='ltr'><strong>nationem</strong></span> <span class='ocrx_word' id='word_1_248' title='bbox 735 3408 789 3463; x_wconf 88' lang='lat' dir='ltr'><strong>aut</strong></span> <span class='ocrx_word' id='word_1_249' title='bbox 812 3401 974 3478; x_wconf 91' lang='lat' dir='ltr'><strong>principem</strong></span> <span class='ocrx_word' id='word_1_250' title='bbox 1001 3404 1227 3477; x_wconf 89' lang='lat' dir='ltr'><strong>repraesentent.</strong></span> 
     </span>
    </p>

    <p class='ocr_par' dir='ltr' id='par_1_7' title="bbox 94 3496 1350 4360">
     <span class='ocr_line' id='line_1_31' title="bbox 141 3496 1273 3583; baseline -0.006 -20"><span class='ocrx_word' id='word_1_251' title='bbox 141 3498 187 3563; x_wconf 89' lang='lat'><strong>18.</strong></span> <span class='ocrx_word' id='word_1_252' title='bbox 211 3497 363 3566; x_wconf 79' lang='lat' dir='ltr'><strong>diuersae</strong></span> <span class='ocrx_word' id='word_1_253' title='bbox 382 3498 567 3583; x_wconf 78' lang='lat' dir='ltr'><strong>legatorum</strong></span> <span class='ocrx_word' id='word_1_254' title='bbox 581 3496 717 3583; x_wconf 87' lang='lat' dir='ltr'><strong>species.</strong></span> <span class='ocrx_word' id='word_1_255' title='bbox 736 3496 802 3562; x_wconf 89' lang='lat' dir='ltr'><strong>llos</strong></span> <span class='ocrx_word' id='word_1_256' title='bbox 819 3507 849 3561; x_wconf 91' lang='lat' dir='ltr'><strong>et</strong></span> <span class='ocrx_word' id='word_1_257' title='bbox 869 3498 1050 3560; x_wconf 88' lang='lat' dir='ltr'><strong>consuetudo</strong></span> <span class='ocrx_word' id='word_1_258' title='bbox 1072 3496 1205 3573; x_wconf 89' lang='lat' dir='ltr'><strong>gentium</strong></span> <span class='ocrx_word' id='word_1_259' title='bbox 1220 3511 1273 3557; x_wconf 90' lang='lat' dir='ltr'><strong>va-</strong></span> 
     </span>
     <span class='ocr_line' id='line_1_32' title="bbox 96 3592 1271 3677; baseline -0.008 -15"><span class='ocrx_word' id='word_1_260' title='bbox 96 3601 159 3663; x_wconf 91' lang='lat' dir='ltr'><strong>rios</strong></span> <span class='ocrx_word' id='word_1_261' title='bbox 185 3598 362 3677; x_wconf 88' lang='lat' dir='ltr'><strong>Legatorum</strong></span> <span class='ocrx_word' id='word_1_262' title='bbox 387 3598 504 3660; x_wconf 90' lang='lat' dir='ltr'><strong>ordines</strong></span> <span class='ocrx_word' id='word_1_263' title='bbox 532 3594 677 3670; x_wconf 72' lang='lat' dir='ltr'><strong>distinxit,</strong></span> <span class='ocrx_word' id='word_1_264' title='bbox 703 3596 814 3673; x_wconf 88' lang='lat' dir='ltr'><strong>quibus</strong></span> <span class='ocrx_word' id='word_1_265' title='bbox 842 3595 959 3657; x_wconf 92' lang='lat' dir='ltr'><strong>diversa</strong></span> <span class='ocrx_word' id='word_1_266' title='bbox 995 3594 1106 3666; x_wconf 90' lang='lat' dir='ltr'><strong>munia,</strong></span> <span class='ocrx_word' id='word_1_267' title='bbox 1137 3592 1271 3654; x_wconf 90' lang='lat' dir='ltr'><strong>diversas</strong></span> 
     </span>
     <span class='ocr_line' id='line_1_33' title="bbox 97 3688 1271 3777; baseline -0.008 -17"><span class='ocrx_word' id='word_1_268' title='bbox 97 3697 330 3777; x_wconf 83' lang='lat' dir='ltr'><strong>praerogativas,</strong></span> <span class='ocrx_word' id='word_1_269' title='bbox 363 3696 513 3757; x_wconf 86' lang='lat' dir='ltr'><strong>diversum</strong></span> <span class='ocrx_word' id='word_1_270' title='bbox 545 3694 821 3772; x_wconf 87' lang='lat' dir='ltr'><strong>repraesentationis</strong></span> <span class='ocrx_word' id='word_1_271' title='bbox 850 3692 971 3755; x_wconf 91' lang='lat' dir='ltr'><strong>modum</strong></span> <span class='ocrx_word' id='word_1_272' title='bbox 1008 3691 1154 3753; x_wconf 79' lang='lat' dir='ltr'><strong>attribuit.</strong></span> <span class='ocrx_word' id='word_1_273' title='bbox 1185 3688 1271 3754; x_wconf 91' lang='lat' dir='ltr'><strong>Unde</strong></span> 
     </span>
     <span class='ocr_line' id='line_1_34' title="bbox 95 3787 1350 3866; baseline -0.01 -7"><span class='ocrx_word' id='word_1_274' title='bbox 95 3797 211 3859; x_wconf 85' lang='lat' dir='ltr'><strong>lectum</strong></span> <span class='ocrx_word' id='word_1_275' title='bbox 231 3803 277 3857; x_wconf 90' lang='lat' dir='ltr'><strong>est</strong></span> <span class='ocrx_word' id='word_1_276' title='bbox 297 3802 330 3856; x_wconf 88' lang='lat' dir='ltr'><strong>ut</strong></span> <span class='ocrx_word' id='word_1_277' title='bbox 350 3793 474 3857; x_wconf 88' lang='lat' dir='ltr'><strong>diversis</strong></span> <span class='ocrx_word' id='word_1_278' title='bbox 494 3791 582 3855; x_wconf 90' lang='lat' dir='ltr'><strong>etiam</strong></span> <span class='ocrx_word' id='word_1_279' title='bbox 604 3792 773 3855; x_wconf 84' lang='lat' dir='ltr'><strong>nominibus</strong></span> <span class='ocrx_word' id='word_1_280' title='bbox 788 3790 1024 3866; x_wconf 71' lang='lat' dir='ltr'><strong>designarentur,</strong></span> <span class='ocrx_word' id='word_1_281' title='bbox 1036 3787 1097 3850; x_wconf 88' lang='lat' dir='ltr'><strong>Alii</strong></span> <span class='ocrx_word' id='word_1_282' title='bbox 1117 3788 1195 3849; x_wconf 90' lang='lat' dir='ltr'><strong>euim</strong></span> <span class='ocrx_word' id='word_1_283' title='bbox 1218 3802 1270 3863; x_wconf 92' lang='lat' dir='ltr'><strong>ap·</strong></span> <span class='ocrx_word' id='word_1_284' title='bbox 1349 3820 1350 3823; x_wconf 61' lang='lat'><em>=</em></span> 
     </span>
     <span class='ocr_line' id='line_1_35' title="bbox 94 3882 1269 3973; baseline -0.008 -18"><span class='ocrx_word' id='word_1_285' title='bbox 94 3892 246 3973; x_wconf 89' lang='lat' dir='ltr'><strong>pellantur</strong></span> <span class='ocrx_word' id='word_1_286' title='bbox 265 3888 422 3965; x_wconf 78' lang='lat' dir='ltr'><strong>Oratores,</strong></span> <span class='ocrx_word' id='word_1_287' title='bbox 442 3898 495 3952; x_wconf 89' lang='lat' dir='ltr'><strong>aut</strong></span> <span class='ocrx_word' id='word_1_288' title='bbox 514 3887 664 3951; x_wconf 78' lang='lat' dir='ltr'><strong>ddioistrt&#39;</strong></span> <span class='ocrx_word' id='word_1_289' title='bbox 678 3885 954 3966; x_wconf 79' lang='lat' dir='ltr'><strong>plenipotentiorc&#39;c&#39;,</strong></span> <span class='ocrx_word' id='word_1_290' title='bbox 971 3884 1019 3947; x_wconf 91' lang='lat' dir='ltr'><strong>alii</strong></span> <span class='ocrx_word' id='word_1_291' title='bbox 1037 3882 1269 3965; x_wconf 76' lang='lat' dir='ltr'><strong>Negotiatores,</strong></span> 
     </span>
     <span class='ocr_line' id='line_1_36' title="bbox 94 3981 1271 4065; baseline -0.008 -12"><span class='ocrx_word' id='word_1_292' title='bbox 94 3998 151 4053; x_wconf 88' lang='lat' dir='ltr'><strong>aut</strong></span> <span class='ocrx_word' id='word_1_293' title='bbox 164 3988 369 4065; x_wconf 80' lang='lat' dir='ltr'><strong>Intemonttt,</strong></span> <span class='ocrx_word' id='word_1_294' title='bbox 384 3996 413 4053; x_wconf 96' lang='lat' dir='ltr'><strong>et</strong></span> <span class='ocrx_word' id='word_1_295' title='bbox 433 3989 475 4052; x_wconf 91' lang='lat' dir='ltr'><strong>ita</strong></span> <span class='ocrx_word' id='word_1_296' title='bbox 496 4003 590 4065; x_wconf 89' lang='lat' dir='ltr'><strong>porro.</strong></span> <span class='ocrx_word' id='word_1_297' title='bbox 606 3985 738 4063; x_wconf 86' lang='lat' dir='ltr'><strong>itemque</strong></span> <span class='ocrx_word' id='word_1_298' title='bbox 758 3984 808 4046; x_wconf 93' lang='lat' dir='ltr'><strong>alii</strong></span> <span class='ocrx_word' id='word_1_299' title='bbox 824 3992 891 4045; x_wconf 89' lang='lat' dir='ltr'><strong>sunt</strong></span> <span class='ocrx_word' id='word_1_300' title='bbox 911 3983 1051 4047; x_wconf 88' lang='lat' dir='ltr'><strong>ordinarii</strong></span> <span class='ocrx_word' id='word_1_301' title='bbox 1070 3990 1100 4043; x_wconf 90' lang='lat' dir='ltr'><strong>et</strong></span> <span class='ocrx_word' id='word_1_302' title='bbox 1121 3981 1271 4045; x_wconf 89' lang='lat' dir='ltr'><strong>stabiliter</strong></span> 
     </span>
     <span class='ocr_line' id='line_1_37' title="bbox 95 4078 1272 4165; baseline -0.008 -15"><span class='ocrx_word' id='word_1_303' title='bbox 95 4085 262 4150; x_wconf 90' lang='lat' dir='ltr'><strong>residentes</strong></span> <span class='ocrx_word' id='word_1_304' title='bbox 275 4086 353 4164; x_wconf 91' lang='lat' dir='ltr'><strong>apud</strong></span> <span class='ocrx_word' id='word_1_305' title='bbox 375 4092 491 4165; x_wconf 81' lang='lat' dir='ltr'><strong>gentem</strong></span> <span class='ocrx_word' id='word_1_306' title='bbox 513 4085 660 4161; x_wconf 84' lang='lat' dir='ltr'><strong>adquam</strong></span> <span class='ocrx_word' id='word_1_307' title='bbox 674 4082 844 4154; x_wconf 88' lang='lat' dir='ltr'><strong>mittuntur,</strong></span> <span class='ocrx_word' id='word_1_308' title='bbox 865 4080 914 4141; x_wconf 93' lang='lat' dir='ltr'><strong>alii</strong></span> <span class='ocrx_word' id='word_1_309' title='bbox 936 4078 1162 4142; x_wconf 82' lang='lat' dir='ltr'><strong>extraordinarii</strong></span> <span class='ocrx_word' id='word_1_310' title='bbox 1182 4086 1212 4141; x_wconf 89' lang='lat' dir='ltr'><strong>et</strong></span> <span class='ocrx_word' id='word_1_311' title='bbox 1234 4078 1272 4141; x_wconf 91' lang='lat' dir='ltr'><strong>ad</strong></span> 
     </span>
     <span class='ocr_line' id='line_1_38' title="bbox 96 4176 1272 4263; baseline -0.009 -16"><span class='ocrx_word' id='word_1_312' title='bbox 96 4192 218 4263; x_wconf 89' lang='lat' dir='ltr'><strong>tempus</strong></span> <span class='ocrx_word' id='word_1_313' title='bbox 239 4184 410 4263; x_wconf 88' lang='lat' dir='ltr'><strong>proaliquo</strong></span> <span class='ocrx_word' id='word_1_314' title='bbox 432 4182 583 4260; x_wconf 84' lang='lat' dir='ltr'><strong>peculiarii</strong></span> <span class='ocrx_word' id='word_1_315' title='bbox 605 4182 731 4260; x_wconf 89' lang='lat' dir='ltr'><strong>negotio.</strong></span> <span class='ocrx_word' id='word_1_316' title='bbox 755 4177 838 4241; x_wconf 89' lang='lat' dir='ltr'><strong>Haec</strong></span> <span class='ocrx_word' id='word_1_317' title='bbox 864 4187 894 4240; x_wconf 87' lang='lat' dir='ltr'><strong>et</strong></span> <span class='ocrx_word' id='word_1_318' title='bbox 914 4176 1022 4239; x_wconf 88' lang='lat' dir='ltr'><strong>similia</strong></span> <span class='ocrx_word' id='word_1_319' title='bbox 1045 4191 1101 4238; x_wconf 90' lang='lat' dir='ltr'><strong>noo</strong></span> <span class='ocrx_word' id='word_1_320' title='bbox 1123 4192 1141 4239; x_wconf 89' lang='lat' dir='ltr'><strong>a</strong></span> <span class='ocrx_word' id='word_1_321' title='bbox 1166 4184 1272 4239; x_wconf 90' lang='lat' dir='ltr'><strong>natura</strong></span> 
     </span>
     <span class='ocr_line' id='line_1_39' title="bbox 95 4274 1271 4360; baseline -0.008 -14"><span class='ocrx_word' id='word_1_322' title='bbox 95 4283 150 4346; x_wconf 92' lang='lat' dir='ltr'><strong>sed</strong></span> <span class='ocrx_word' id='word_1_323' title='bbox 171 4300 188 4344; x_wconf 93' lang='lat' dir='ltr'><strong>a</strong></span> <span class='ocrx_word' id='word_1_324' title='bbox 211 4283 337 4360; x_wconf 87' lang='lat' dir='ltr'><strong>positivo</strong></span> <span class='ocrx_word' id='word_1_325' title='bbox 357 4282 421 4344; x_wconf 90' lang='lat' dir='ltr'><strong>iure</strong></span> <span class='ocrx_word' id='word_1_326' title='bbox 441 4279 579 4357; x_wconf 88' lang='lat' dir='ltr'><strong>Gentium</strong></span> <span class='ocrx_word' id='word_1_327' title='bbox 600 4278 794 4344; x_wconf 86' lang='lat' dir='ltr'><strong>determinata</strong></span> <span class='ocrx_word' id='word_1_328' title='bbox 816 4282 894 4355; x_wconf 83' lang='lat' dir='ltr'><strong>suut,</strong></span> <span class='ocrx_word' id='word_1_329' title='bbox 908 4284 937 4338; x_wconf 88' lang='lat' dir='ltr'><strong>ot</strong></span> <span class='ocrx_word' id='word_1_330' title='bbox 953 4274 1107 4337; x_wconf 78' lang='lat' dir='ltr'><strong>nautatiorri</strong></span> <span class='ocrx_word' id='word_1_331' title='bbox 1123 4291 1158 4339; x_wconf 90' lang='lat' dir='ltr'><strong>ac</strong></span> <span class='ocrx_word' id='word_1_332' title='bbox 1176 4274 1271 4337; x_wconf 86' lang='lat' dir='ltr'><strong>varie·</strong></span> 
     </span>
    </p>
   </div>
   <div class='ocr_carea' id='block_1_6' title="bbox 0 0 1591 4934">
    <p class='ocr_par' dir='ltr' id='par_1_8' title="bbox 0 0 1591 4934">
     <span class='ocr_line' id='line_1_40' title="bbox 0 0 1591 4934; baseline 0 0"><span class='ocrx_word' id='word_1_333' title='bbox 0 0 1591 4934; x_wconf 95' lang='lat' dir='ltr'><strong> </strong></span> 
     </span>
    </p>
   </div>
  </div>
 </body>
</html>
