3159 4934
602 334 774 379 turnouuarro
1221 325 1269 381 rer

101 449 259 512 dumtaxat
280 448 447 522 utilitatem,
468 463 576 526 easque
598 449 719 526 proinde
734 459 766 511 ut
787 449 884 512 media
905 456 1020 512 tantum
1042 451 1225 525 consideran
1240 460 1272 514 at

100 554 204 611 contra
227 548 255 610 ri
278 546 427 610 societatis
447 550 559 609 ceteros
580 546 637 609 sibi
659 561 748 624 seque
768 545 836 608 aliis
856 546 984 623 copulat,
1006 563 1061 610 non
1083 549 1131 610 sui
1156 556 1271 612 tantum

100 646 198 726 gratia
213 655 302 724 atque
316 645 520 718 emolumento,
535 646 586 708 scd
601 647 697 724 gratia
713 644 902 708 emolumenti
917 647 1089 721 communis,
1102 649 1182 726 quod
1200 650 1272 711 socii

98 745 191 808 etiam
212 759 314 807 omnes
336 759 388 821 pro
409 742 487 805 virili
508 754 562 805 sua
583 751 667 821 parte
688 743 898 822 adipiscantur.

141 841 275 908 Societas
302 857 370 904 cum
394 841 462 904 inde
482 842 638 920 habeatur,
659 841 738 919 quod
760 841 861 920 plures
885 842 1060 905 ineundam
1084 845 1171 906 tinem
1193 851 1223 906 et
1242 845 1272 905 in

104 942 205 1006 media
226 940 295 1003 illuc
316 940 453 1002 ducentia
474 939 659 1016 conspirent;
682 940 812 1016 prolecto
833 947 949 1017 oportet
973 947 1007 1002 ut
1032 940 1083 1018 qui
1110 940 1193 1003 illam
1220 957 1273 1005 ceu

102 1046 204 1119 partes
227 1038 416 1112 constituunt,
437 1037 515 1099 idem
543 1036 717 1116 intelligant,
737 1037 875 1117 idemque
896 1038 999 1108 velint,
1020 1045 1109 1117 atque
1135 1039 1174 1101 ad
1195 1039 1272 1101 idem

99 1136 285 1202 contendant.
308 1133 405 1208 Quare
427 1136 470 1198 sic
492 1150 524 1198 se
545 1143 647 1214 gerant
671 1150 791 1198 necesse
816 1142 872 1207 est,
892 1136 979 1214 quasi
1000 1136 1135 1199 eumdem
1161 1137 1272 1200 intelle-

99 1243 195 1310 ctum,
208 1234 399 1313 camdemque
419 1233 610 1307 uoluntatem,
626 1234 803 1311 easdemque
817 1233 895 1295 vires
917 1233 1100 1296 executrices
1120 1234 1272 1298 haberent.

99 1334 184 1399 Idem
212 1333 304 1412 igitur
331 1331 507 1404 subiectum,
534 1330 571 1394 ad
593 1331 855 1393 considerationem
881 1328 1021 1392 moralem
1050 1331 1130 1409 quod
1157 1333 1272 1407 attinet,

98 1431 311 1512 praeseferunt.
326 1427 404 1492 Hinc
417 1428 542 1492 societas
556 1427 722 1506 appellatur
738 1445 806 1489 aaa
821 1443 959 1506 persona
980 1426 1119 1506 moralis,
1135 1433 1272 1507 quamvis

99 1529 238 1608 pluribus
265 1528 397 1606 personis
418 1526 553 1605 physicis
572 1533 696 1589 constet.
720 1523 836 1588 Dicitur
863 1526 953 1587 etiam
976 1541 1099 1602 persona
1126 1526 1272 1601 daridica,

97 1636 247 1706 quatenus
263 1628 408 1689 instructa
422 1630 468 1686 est
488 1623 602 1687 iuribus
623 1633 653 1686 et
672 1624 788 1697 officiis,
802 1624 864 1686 sive
885 1629 1020 1701 respectu
1040 1622 1165 1686 aliarum
1180 1625 1273 1687 socie·

99 1734 196 1788 tatum
217 1739 282 1786 ase
302 1723 520 1796 distinctarum,
542 1723 602 1784 sire
625 1729 761 1800 respectu
782 1723 913 1800 ipsorum
935 1721 1093 1799 sociorum,
1108 1723 1185 1784 unde
1205 1738 1273 1786 coa·

98 1823 214 1888 tescit·
287 1881 289 1888 .

139 1919 242 1999 Atque
255 1919 324 1982 hinc
339 1917 438 1996 colligi
460 1925 555 1996 potest
575 1917 648 1978 iuris
664 1916 785 1979 socialis
800 1932 816 1978 a
832 1917 896 1979 iure
910 1917 1083 1980 individuali
1102 1918 1269 1982 diversitas.

100 2018 170 2083 Etsi
190 2016 268 2080 enirn
290 2017 366 2079 idem
387 2016 518 2078 iustitiae
542 2022 701 2094 conceptus
732 2015 892 2092 eodemque
920 2017 968 2078 lex
996 2023 1120 2078 naturae
1147 2017 1271 2096 singulis

100 2115 273 2180 hominibus
294 2114 453 2192 separatim
473 2113 648 2190 applicetur,
668 2122 699 2176 et
719 2127 820 2176 eorum
843 2128 875 2174 se
896 2113 1071 2176 sociantium
1094 2115 1207 2188 coetui;
1228 2115 1272 2176 ni-

97 2214 261 2277 hilominus
283 2212 448 2275 subiectum
469 2211 618 2273 diversum
639 2219 693 2285 est,
716 2220 804 2288 prout
825 2225 948 2288 persona
969 2207 1099 2292 physica
1118 2228 1136 2273 a
1157 2211 1271 2274 morati

98 2312 303 2390 distinguitur.
325 2308 418 2384 Unde,
438 2325 618 2388 quamquam
644 2324 732 2388 saepe
759 2310 860 2383 eadem
890 2311 1008 2373 omnino
1036 2311 1101 2372 iura
1122 2318 1151 2372 et
1172 2312 1270 2373 officia

93 2418 251 2489 emergant
273 2425 326 2488 pro
342 2409 484 2472 societate
498 2423 533 2471 ac
547 2423 600 2486 pro
615 2407 783 2470 hominibus
804 2407 1004 2486 singularibus
1019 2409 1144 2488 (quoties
1165 2423 1268 2486 nempe

97 2509 164 2573 sola
178 2506 330 2571 rationalis
344 2514 448 2568 natura
463 2505 639 2584 spectatura
656 2513 837 2567 tamencum
855 2506 892 2568 ad
909 2514 1002 2569 totum
1023 2521 1060 2569 ex
1080 2506 1128 2569 his
1148 2521 1270 2569 consur·
1314 2497 1316 2501 ’

95 2623 180 2688 gens,
197 2621 249 2668 seu
262 2605 301 2668 ad
315 2605 409 2683 ipsam
426 2605 605 2678 societatem,
620 2604 753 2685 praecise
768 2612 801 2666 ut
823 2603 889 2666 talis
903 2613 958 2679 est,
974 2604 1097 2667 vertitur
1111 2603 1269 2683 cogitarim

95 2707 217 2768 diversa
238 2702 303 2766 iura
324 2710 353 2765 et
373 2703 469 2765 officia
493 2717 525 2764 se
545 2701 682 2779 produnt,
703 2717 778 2780 quae
803 2717 944 2780 personae
972 2702 1114 2781 physicae
1135 2717 1268 2764 seorsum

93 2804 250 2881 inspectae
270 2816 454 2878 nequaquam
475 2800 659 2862 conveniunt.
675 2797 734 2874 Sic,
750 2806 784 2861 ut
798 2799 965 2877 exemplum
979 2801 1111 2878 aderam,
1125 2799 1183 2863 hoc
1203 2800 1269 2878 ipso

94 2901 175 2980 quod
196 2913 320 2978 persona
348 2899 472 2976 physica
499 2897 632 2975 pluribus
656 2912 712 2959 non
737 2898 892 2971 condatur,
916 2897 1050 2960 iuridicis
1074 2898 1269 2962 relationibus

94 3013 167 3062 cum
190 2997 333 3076 partibus,
348 2997 456 3074 quibus
477 3001 601 3069 constat,
616 3011 672 3058 non
694 2995 832 3058 afficitur.
847 2994 889 3057 At
909 3011 1033 3074 persona
1055 2995 1184 3069 moralis,
1199 3012 1268 3058 cum

92 3114 110 3161 e
125 3097 263 3176 pluribus
278 3093 409 3173 personis
423 3094 554 3172 physicis
568 3100 721 3172 exsurgat;
738 3100 857 3156 mutuas
872 3092 1026 3156 relationes
1044 3093 1171 3157 morales
1192 3095 1269 3157 inter

94 3203 193 3259 toturn
213 3201 244 3256 et
265 3199 373 3271 partes,
393 3191 527 3269 interque
552 3199 650 3268 partes
677 3191 768 3269 ipsas,
789 3191 921 3276 praebet,
941 3198 1029 3269 atque
1053 3192 1120 3256 ideo
1147 3191 1211 3253 iura
1239 3199 1270 3254 et

94 3291 196 3357 officia
217 3289 385 3368 suppeditat
408 3290 544 3366 utrinque
566 3289 701 3368 vigentia.

138 3387 281 3462 Societas,
296 3386 455 3466 generatim
478 3394 609 3464 accepta,
624 3387 766 3450 dividitur
780 3387 810 3449 in
830 3386 1001 3466 simplicem
1015 3395 1045 3450 et
1059 3387 1267 3465 compositam,

95 3495 189 3566 prout
208 3485 298 3548 nullis
319 3491 370 3547 aut
391 3483 539 3563 aliquibus
560 3485 722 3547 minoribus
747 3486 938 3549 societatibus
960 3486 1107 3548 coalescit.
1129 3484 1203 3548 Item
1224 3485 1269 3547 di-

95 3583 212 3645 viditur
238 3583 268 3645 in
292 3581 514 3662 necessariam·
528 3589 558 3645 et
586 3581 724 3657 liberam,
748 3590 836 3660 prout
863 3584 901 3645 ad
931 3585 1027 3662 ipsam
1054 3584 1210 3647 ineundam
1237 3591 1267 3646 et
1350 3581 1354 3590 '

93 3681 278 3744 retinendam
293 3679 391 3756 aliqua
407 3678 454 3742 vel
475 3678 554 3742 nulla
569 3682 743 3744 necessitate
758 3689 905 3757 tenemur;
921 3699 996 3761 quae
1017 3699 1087 3746 sane
1105 3683 1267 3745 necessitas

91 3784 195 3858 potest
214 3795 278 3843 eam
294 3779 440 3856 respicere
455 3779 500 3841 vel
513 3778 548 3839 ia
563 3779 636 3858 stat
650 3780 695 3844 vel
716 3780 746 3841 in
766 3779 852 3856 faeta
873 3797 947 3842 esse.
963 3778 1013 3842 Sic
1029 3781 1153 3842 societas
1167 3779 1269 3843 coniu-

90 3877 172 3958 galis
193 3885 238 3940 est
258 3877 350 3940 libera
370 3878 529 3942 individuis
554 3888 588 3941 ut
608 3877 678 3956 fiat,
698 3885 731 3940 at
751 3892 808 3940 non
833 3885 989 3955 postquam
1008 3875 1099 3953 facta
1116 3879 1175 3953 est,
1197 3893 1267 3940 cum

90 3975 317 4038 matrimonium
338 3976 379 4038 sit
399 3975 602 4038 indissolubile
628 3985 733 4038 natura
755 3992 819 4038 sua.

133 4071 194 4136 Sed
215 4074 345 4151 partitio,
365 4074 403 4137 ad
428 4081 560 4137 nostram
581 4073 786 4136 tractationem
815 4071 1006 4135 ordinandam
1027 4080 1192 4150 opportuna
1217 4072 1267 4135 illa

89 4179 151 4244 cst,
165 4187 225 4248 qua
240 4171 366 4234 societas
385 4173 416 4234 in
438 4170 563 4235 totalem
583 4177 614 4232 et
630 4168 801 4250 partialem
814 4170 952 4232 distribui
975 4176 1083 4248 potest3
1099 4186 1175 4250 quae
1195 4186 1266 4234 sane

90 4269 216 4348 partitio
236 4283 254 4330 a
275 4269 333 4332 dne
354 4269 527 4332 desumitur.
549 4265 626 4330 Nam
648 4267 766 4347 bouum,
781 4276 901 4348 propter
921 4268 999 4348 quod
1015 4268 1131 4333 collatis
1152 4269 1266 4332 viribus
