3159 4934
308 297 360 352 tst
600 308 642 352 rus
659 309 782 352 seruare
801 329 811 339 -
829 310 897 352 rans
916 310 931 351 l.
948 309 991 353 rus
1009 310 1179 354 mnrrrnuann
1268 348 1273 357 .

305 424 415 502 quibus
436 426 627 489 commutatio
648 428 709 499 ilat,
729 424 986 503 complectuntur),
1001 432 1098 488 umen
1116 424 1257 502 peculiari
1278 422 1474 502 appellatione

304 523 404 585 donati
426 532 543 587 suntet
564 522 754 587 multifariam
775 531 957 585 exercentur.
978 519 1038 596 Sic,
1059 524 1084 583 si
1105 529 1238 585 mutatur
1258 536 1307 583 res
1334 537 1405 585 cum
1425 537 1471 596 re,

303 621 431 684 babetur
443 621 631 703 peccatorio
641 620 744 685 stricte
757 620 847 684 dicta.
858 618 890 684 Si
905 628 1037 683 mutatur
1051 635 1100 682 res
1113 634 1181 683 cum
1197 619 1330 697 pecunia¹
1342 620 1472 684 babetur

303 718 415 797 emptio
428 734 465 782 ac
479 718 624 783 venditio.
639 716 671 783 Si
686 726 818 781 mutatur
831 734 902 781 usus
916 718 959 781 rei
980 718 1115 796 pmpriae
1127 732 1196 781 cum
1217 717 1353 796 pecnnia,
1367 731 1475 781 exsur-

302 816 346 893 git
366 814 527 879 conductio
546 824 578 880 ct
599 814 718 880 locatio.
739 813 771 879 Si
792 823 924 878 mutatur
946 814 1069 894 mannia
1092 830 1230 893 praeseus
1255 829 1324 877 cum
1346 816 1472 893 pecunia

301 912 439 991 deinceps
462 914 618 988 reddenda,
638 915 770 977 nascitur
790 916 943 975 mutuum.

341 1010 478 1075 Alterum
500 1029 592 1091 genus
606 1019 821 1087 contractuum,
834 1028 939 1090 nempe
952 1011 1159 1091 inaequalium,
1174 1010 1398 1089 comprehendit
1410 1010 1477 1072 lar-

302 1111 426 1190 gitiones
447 1112 684 1192 qualescumque.
700 1111 783 1178 Unde
803 1114 841 1177 ad
856 1113 928 1176 illud
944 1113 1088 1191 pertinent
1101 1110 1229 1175 deuotio
1247 1110 1474 1190 propriaetate,
1564 1135 1565 1138 ¹

303 1224 355 1271 scu
371 1211 467 1274 cessio
488 1212 676 1289 proprietatis
696 1211 838 1286 alicuius3
853 1210 972 1289 largitio
993 1228 1065 1273 usus
1085 1210 1127 1272 rei
1149 1210 1314 1282 cuiusdam,
1328 1208 1473 1271 nimirum

302 1306 520 1383 cmunodatim
544 1310 704 1388 praestatio
723 1311 874 1372 servitutis
895 1308 1057 1372 materialis
1072 1316 1105 1372 ut
1125 1307 1154 1370 iu
1174 1305 1330 1385 depositc;
1355 1305 1403 1368 vel
1424 1306 1474 1367 in·
1564 1373 1565 1382 ,

302 1404 486 1482 tellectualis
508 1416 541 1469 ut
561 1408 591 1469 in
611 1404 768 1470 maderio.
1325 1401 1334 1419 ’
1564 1387 1565 1416 ¹

261 1562 263 1569 ,
342 1502 462 1583 Deinde,
478 1504 840 1569 dividunturcontractus
860 1503 1064 1569 inabsoluta
1084 1514 1115 1569 ct
1128 1504 1366 1582 condiiimmios
1382 1513 1474 1583 prout

301 1616 402 1665 eorum
425 1603 483 1665 vim
499 1603 537 1664 ab
551 1602 648 1680 aliqua
664 1603 829 1666 conditione
844 1603 951 1680 pendet
962 1610 1015 1668 tut
1030 1618 1124 1667 secus.
1141 1601 1232 1668 Porro
1252 1605 1325 1666 baec
1341 1604 1472 1666 conditio
1564 1629 1565 1674 t

301 1707 483 1777 potestesse
504 1698 697 1779 affimativa
725 1700 770 1761 vel
797 1679 965 1779 accipietium,t
987 1709 1038 1763 aut
1066 1701 1155 1763 etiam
1183 1703 1378 1779 suspensiva,
1401 1716 1470 1764 cum
1564 1699 1565 1780 ᾗ

301 1796 437 1861 videlieet
458 1796 614 1873 suspendit
633 1798 847 1861 inchoationem
876 1796 1041 1877 obligandi3
1061 1806 1114 1861 aut
1141 1797 1266 1875 denique
1286 1796 1469 1872 resolutius,
1564 1875 1565 1884 ἵ

301 1910 369 1957 cum
390 1896 454 1958 eius
475 1905 615 1958 eventum
635 1895 673 1959 ad
693 1896 920 1973 extinguendam
940 1894 1148 1975 obligationem
1169 1896 1337 1973 apponitur.
1564 1895 1565 1906 ’

341 1990 449 2067 Tertio,
465 1992 635 2055 diuiduntur
655 1993 685 2055 in
699 1990 899 2073 obligatorias
918 2001 948 2056 ct
970 1991 1172 2069 {ricciarius
1188 2002 1277 2072 prout
1296 1994 1336 2055 ad
1356 1992 1467 2071 obliga-

301 2089 410 2153 tionem
430 2090 605 2168 gigpendnm
627 2098 679 2152 aut
699 2090 928 2171 extinguendam
949 2094 1031 2154 liunt.

339 2184 480 2266 Denique,
502 2197 671 2251 contractus
693 2189 844 2267 dispartiri
865 2198 987 2267 possunt
1011 2191 1040 2252 in
1059 2189 1249 2271 principales
1274 2205 1326 2253 seu
1346 2188 1467 2253 obruite

301 2288 357 2360 ios,
379 2292 409 2349 et
436 2287 620 2349 accessorius
642 2302 694 2349 seu
721 2286 888 2361 rebeliem,-
915 2297 1001 2367 prom
1026 2289 1082 2351 soli
1100 2289 1244 2353 exsistere
1266 2297 1390 2368 possunt
1416 2299 1469 2352 aut

301 2399 397 2459 secus,
417 2392 449 2447 et
467 2384 713 2448 fundamentalem
740 2386 905 2463 pactionem
929 2387 1086 2450 ctiormant
1106 2393 1158 2449 aut
1183 2388 1319 2464 praeviae
1340 2388 1470 2464 pactioni

298 2481 472 2545 innituntur.

340 2579 372 2643 ln
394 2581 518 2660 singulis
540 2582 588 2644 his
608 2581 809 2647 contractibus
829 2581 1020 2660 explanandis
1041 2598 1098 2646 non
1124 2583 1327 2646 immoramur.
1350 2581 1470 2648 Etenim
1499 2600 1502 2605 ·

299 2678 329 2740 in
349 2693 450 2741 eorum
465 2680 705 2744 determinatione
725 2688 756 2743 et
776 2679 926 2759 obligandi
939 2681 1042 2744 formis
1063 2681 1111 2743 ius
1132 2681 1292 2759 positivum
1314 2681 1427 2761 ubique
1439 2700 1472 2745 se

297 2775 456 2851 immiscet,
477 2794 511 2840 ac
535 2778 653 2855 proinde
667 2786 746 2842 certa
767 2783 798 2841 et
818 2778 1014 2842 immutabilia
1037 2785 1203 2857 praecepta,
1218 2795 1294 2857 quae
1316 2780 1385 2843 usui
1401 2780 1472 2854 sint,

300 2874 375 2937 tradi
397 2892 453 2939 non
475 2883 607 2955 possunt,
628 2879 684 2941 nisi
705 2878 769 2939 eius
796 2878 870 2940 iuris
891 2878 968 2941 ratio
995 2878 1158 2952 habeatem
1179 2877 1258 2956 quod
1279 2894 1296 2939 a
1319 2870 1473 2957 proposito
1562 2913 1563 2916 π

299 2987 353 3034 nos
368 2970 666 3048 distraheret..Quarc
680 2975 825 3038 eiusmodi
840 2974 1030 3052 pertractatio
1047 2973 1295 3052 iurisprndentiae
1313 2975 1396 3039 cirili
1411 2992 1473 3039 mc-

299 3069 358 3131 lius
379 3070 575 3135 adiudicatnr.

237 3216 240 3220 ι
340 3162 388 3229 82.
413 3166 455 3233 lia
476 3166 628 3236 solutione
650 3175 876 3240 contractuum.
892 3168 995 3244 Quoad
1016 3171 1131 3246 modos,
1144 3174 1255 3251 quibus
1275 3173 1420 3253 obligatio
1433 3190 1471 3237 ex

300 3273 452 3329 contractu
474 3282 625 3347 emergens
647 3269 830 3344 dissolvitur,
850 3272 923 3334 haec
951 3270 1135 3333 adnotamus.
1157 3268 1190 3333 In
1218 3271 1334 3349 primis,
1356 3272 1473 3349 perspi·
1561 3329 1562 3352 ,

298 3380 386 3427 cuum
408 3379 461 3444 per
476 3379 508 3426 se
522 3372 567 3427 est
581 3364 786 3445 obligationem
802 3375 972 3432 contractus
986 3368 1119 3431 desinere
1136 3369 1307 3432 executione
1321 3372 1375 3442 rei,
1389 3370 1473 3435 circa

298 3479 387 3541 quam
414 3462 514 3541 pactio
543 3470 692 3538 versatum
713 3480 780 3527 cum
809 3465 944 3529 videlieet
970 3466 1051 3529 oneri
1080 3467 1199 3539 satisfit,
1222 3468 1303 3545 quod
1332 3485 1390 3530 una
1421 3479 1474 3532 aut

301 3569 423 3640 utraque
445 3576 515 3638 pars
536 3562 592 3624 sibi
607 3563 636 3625 vi
657 3571 828 3625 contractus
841 3564 1010 3641 assumpsit.
1027 3562 1132 3628 Utrum
1147 3572 1246 3627 autem
1262 3580 1388 3642 persona
1403 3582 1475 3630 cun·

299 3660 418 3723 trahens
441 3660 519 3722 oneri
536 3675 587 3737 per
608 3676 639 3722 se
660 3659 831 3723 satisfacere
850 3661 965 3737 debeat,
979 3678 1016 3724 an
1032 3661 1127 3739 possit
1147 3678 1199 3740 per
1219 3663 1322 3737 aliurn,
1335 3665 1389 3743 qui
1403 3666 1472 3729 eius

297 3755 361 3820 loco
382 3759 562 3831 sufficiatur;
582 3758 623 3836 id,
645 3758 670 3818 si
698 3772 870 3835 expressum
898 3759 928 3821 in
956 3767 1108 3822 contractu
1136 3775 1192 3823 non
1219 3768 1278 3835 est,
1297 3776 1335 3823 ex
1362 3770 1473 3825 natura
1560 3775 1561 3798 *

298 3854 390 3930 ipsius
413 3858 555 3934 pactionis
577 3855 772 3918 definiendum
793 3856 858 3918 erit

339 3951 458 4031 Deinde,
473 3965 642 4021 contractus
657 3954 797 4035 obligatio
808 3966 904 4021 cessat
918 3958 1137 4039 condonatione,
1147 3978 1223 4039 quae
1237 3964 1318 4025 tiata
1334 3978 1472 4044 persona,

229 4059 230 4063 ’
300 4065 353 4129 pm
375 4053 458 4114 cuius
479 4055 605 4117 utilitate
626 4055 716 4117 initus
738 4061 793 4117 est.
815 4052 1026 4135 Unusquisque
1044 4058 1122 4120 enim
1151 4059 1256 4123 cedere
1284 4071 1383 4139 potest
1408 4063 1471 4126 iuri

301 4164 367 4221 suo,
380 4148 509 4228 illudque
523 4153 629 4215 iterum
647 4154 677 4216 in
698 4160 811 4229 partem
833 4153 998 4228 transferre,
1012 4155 1050 4217 ad
1070 4172 1161 4235 quam
1181 4166 1267 4221 antea
1289 4160 1471 4237 pertinebat.

299 4244 383 4319 Quod
406 4246 430 4308 si
452 4256 619 4312 contractus
638 4251 725 4315 ruerit
743 4251 917 4328 bilateralis;
933 4253 971 4316 ad
992 4256 1056 4318 eius
1077 4255 1292 4332 rescissionem,
1311 4259 1471 4339 utriusque
