3159 4934
296 275 354 334 262
618 293 662 338 tus
679 295 806 340 seruere
824 314 834 324 -
851 294 919 338 enus
937 294 961 337 u.
976 294 1019 338 rus
1035 296 1144 338 socrum

294 420 385 483 quam
407 407 503 483 potius
523 406 682 471 dominium
704 407 866 482 constituit,
880 409 910 471 in
931 423 991 487 quo
1008 408 1118 471 subditi
1134 425 1287 472 servorum
1304 409 1480 472 conditioni

297 505 424 568 maxime
443 505 601 580 accedunt;
615 513 645 568 et
667 507 814 586 tyrannidi
836 505 969 584 proxima
985 515 1044 581 est,
1060 507 1090 568 in
1110 522 1168 585 qua
1183 523 1239 568 non
1256 505 1353 570 solum
1366 508 1481 569 omnia

296 602 336 665 ab
355 603 478 667 arbitrio
498 604 628 682 supremi
649 604 823 684 imperantis
844 605 979 682 pendent,
1000 604 1052 667 sed
1077 620 1171 683 neque
1199 604 1294 682 ipsius
1321 604 1482 666 naturalis

297 702 458 765 honestatis
477 702 636 764 dictamina
657 717 726 781 erga
749 702 885 765 subditos
906 711 1069 765 servantur.
1085 703 1127 765 At
1147 704 1177 764 in
1198 702 1381 776 monarchia,
1397 701 1476 766 licet

294 800 438 875 absoluta,
458 816 513 866 non
536 801 672 866 volontas
692 802 745 864 sed
774 801 850 864 ratio
878 801 995 880 proprie
1022 801 1198 864 dominatur.
1223 799 1367 879 Regimen
1398 815 1480 864 vero

296 913 412 976 semper
423 906 616 980 temperatum
627 899 764 975 babetur,
775 909 840 961 tum
853 905 973 978 propter
987 897 1086 975 legum
1098 899 1303 971 constantiam,
1313 913 1332 958 a
1343 897 1481 975 quihus,

295 996 367 1058 dum
390 996 497 1074 vigent,
518 1013 555 1060 oe
576 996 699 1076 principi
714 996 835 1075 quidem
856 996 993 1060 recedere
1016 995 1101 1070 licet;
1116 1003 1179 1057 tum
1202 1004 1319 1072 propter
1340 995 1478 1057 modum

293 1108 346 1156 ees
366 1094 517 1172 condendi,
539 1095 677 1157 nimimm
700 1101 766 1172 post
788 1092 919 1171 plurium
933 1093 1104 1171 sapientum
1125 1091 1389 1164 consultationem
1406 1098 1478 1154 tum

295 1193 384 1254 etiam
414 1199 531 1269 propter
559 1191 690 1254 debitum
719 1207 774 1255 non
803 1190 979 1254 immutandi
1008 1189 1255 1253 fundamentalem
1284 1189 1480 1266 reipublicae

295 1289 541 1363 constitutionem,
562 1289 767 1368 efficiendique
783 1297 817 1351 ut
837 1290 868 1351 in
888 1289 1025 1352 omnihus
1039 1303 1095 1351 non
1111 1288 1226 1366 privata
1241 1287 1398 1366 principis,
1417 1287 1476 1349 scd

295 1380 458 1450 communis
481 1390 578 1466 populi
601 1389 714 1450 utilitas
736 1402 869 1450 normam
890 1387 1032 1466 operandi
1054 1388 1234 1465 suppeditet.

322 1484 419 1560 ,Quod
441 1487 466 1548 si
487 1503 542 1550 non
563 1487 641 1564 apud
665 1501 753 1548 noum
769 1486 917 1549 hominem
938 1485 1122 1548 individuum
1139 1485 1190 1548 sed
1213 1500 1297 1562 penes
1317 1484 1480 1561 primores

295 1586 419 1664 aliquos,
444 1587 495 1666 qui
524 1585 663 1650 Senatum
691 1586 881 1656 constituant,
908 1599 1026 1646 summa
1054 1584 1096 1644 sit
1127 1589 1272 1660 potestas,
1293 1581 1472 1660 respublica

294 1693 433 1764 exsurget
446 1684 671 1756 Aristocratica,
684 1698 735 1744 seo
756 1683 885 1760 regimen
899 1682 1086 1759 optimatum,
1101 1681 1162 1743 sive
1184 1681 1217 1743 hi
1239 1680 1372 1757 patribus
1394 1680 1474 1743 hae-

294 1786 417 1848 reditate
430 1784 460 1846 in
475 1798 594 1846 munere
609 1781 776 1856 succedant,
792 1781 856 1845 sire
872 1780 972 1858 populi
988 1788 1041 1843 aut
1056 1780 1205 1844 sociorum
1224 1788 1289 1842 voto
1303 1778 1472 1857 eligantur.

294 1880 326 1946 Si
346 1882 470 1960 denique
490 1882 552 1958 ipse
575 1878 698 1956 populus
718 1878 936 1957 quodammodo
957 1878 1014 1941 sibi
1036 1879 1171 1956 imperet,
1195 1885 1225 1939 et
1245 1878 1291 1938 ius
1317 1876 1470 1938 condendi

294 1979 373 2058 leges
393 1995 428 2041 ac
449 1979 511 2040 sine
532 1976 725 2055 appellatione
745 1975 894 2038 iudicandi
910 1975 990 2051 apud
1012 1991 1043 2038 se
1064 1975 1205 2050 retineat;
1227 1975 1378 2038 habebitur
1399 1970 1467 2034 De·

293 2076 445 2140 mocratia.
467 2073 547 2148 Quae
568 2075 686 2152 quidem
708 2075 737 2135 lo
759 2073 860 2152 parvis
880 2072 1075 2135 societatibus
1101 2072 1199 2136 locum
1226 2073 1327 2136 babere
1346 2077 1473 2156 potest,

293 2190 349 2238 non
371 2175 400 2235 in
420 2174 675 2251 frequentioribus,
695 2172 798 2251 quales
818 2173 948 2234 maxime
970 2181 1040 2234 sunt
1059 2172 1229 2235 hodiernae.
1245 2171 1276 2236 In
1296 2173 1339 2234 bis
1355 2185 1474 2234 neces»

292 2272 369 2335 sario
390 2280 651 2349 temperamentum
673 2268 796 2349 aliquod
815 2271 1016 2333 adhibendum
1030 2278 1086 2343 est,
1099 2277 1253 2348 quatenns·
1266 2278 1316 2332 aut
1336 2269 1394 2332 soli
1409 2284 1472 2347 pa·

293 2370 494 2443 tresfamilias,
509 2377 560 2431 aut
575 2377 689 2432 tantum
705 2376 801 2432 aetate
816 2369 1016 2447 provectiores
1030 2377 1061 2430 et
1075 2369 1268 2432 determinata
1283 2369 1472 2446 proprietate

291 2469 431 2542 fruentes,
446 2468 596 2542 nimirum,
614 2467 838 2545 spectabiliores
851 2467 940 2540 cives,
955 2466 1002 2528 ius
1017 2467 1146 2528 babeant
1167 2468 1312 2530 sciscendi
1331 2464 1416 2544 leges
1437 2477 1472 2528 et

291 2566 418 2645 eligendi
438 2567 640 2644 magistratus,
660 2565 710 2643 qui
733 2563 944 2641 rempublicam
959 2563 1056 2641 quoad
1070 2564 1272 2627 exsecutivam
1287 2570 1470 2641 potestatem

292 2665 462 2742 gubernent.
480 2661 573 2741 Saepe
594 2672 691 2726 mmen
713 2662 867 2741 contingit,
881 2669 915 2723 ut
930 2660 1070 2738 populere
1091 2663 1220 2740 regimen
1239 2663 1355 2724 nomine
1377 2670 1474 2724 tenus

292 2760 409 2822 dicator
428 2759 617 2834 democratia,
638 2761 689 2822 sed
710 2775 815 2837 reapse
836 2774 892 2821 nou
913 2759 951 2820 sit
980 2759 1036 2821 nisi
1058 2759 1263 2832 Aristocretla,
1285 2759 1382 2838 magis
1404 2762 1471 2820 mi-

291 2872 385 2921 nusve
405 2857 513 2935 ampla,
536 2866 622 2935 prout
644 2858 742 2935 plures
764 2846 955 2935 paucioresve
976 2856 1014 2918 ed
1036 2855 1256 2919 deliberandum
1277 2857 1313 2919 de
1333 2857 1473 2936 publicis

291 2953 416 3031 negotiis
436 2954 641 3017 admittuntur.
665 2953 757 3017 Cuius
778 2955 820 3016 rei
842 2955 1010 3032 exemplum
1035 2955 1080 3017 vel
1102 2955 1183 3032 ipsae
1203 2956 1473 3034 antiquaedemo-

291 3049 401 3113 cratiae
428 3051 513 3114 nobis
534 3053 687 3130 praebent:
709 3068 796 3131 qnae,
817 3054 844 3115 si
864 3052 999 3115 funditus
1027 3053 1258 3133 considerentur,
1281 3070 1336 3116 non
1365 3054 1468 3117 solum

290 3149 494 3212 aristocratiae
506 3148 651 3227 quaedam
665 3157 758 3224 erant,
776 3166 877 3214 verum
893 3152 981 3212 etiam
1001 3149 1190 3228 oligarcbiae.
1206 3150 1294 3214 Cives
1307 3151 1397 3225 enim,
1410 3155 1468 3230 qui

291 3245 434 3324 suffragio
460 3246 637 3325 gaudebant,
663 3247 777 3310 nonnisi
794 3249 942 3326 exiguam
971 3247 1072 3325 populi
1101 3257 1214 3326 partem
1245 3251 1470 3325 efformabant·,

290 3343 384 3406 maior
397 3351 494 3406 autem
510 3344 606 3420 turba,
621 3360 722 3408 eorum
739 3361 843 3424 nempe
857 3344 909 3423 qui
926 3346 1065 3424 operibus
1086 3346 1267 3410 mechanicis
1282 3355 1313 3410 et
1326 3347 1472 3411 culturae

290 3456 428 3518 agrorum
443 3441 555 3504 addicti
569 3449 661 3516 erant,
674 3443 740 3504 iore
754 3443 886 3506 civitatis
906 3443 1122 3507 destituebatur
1144 3453 1175 3507 et
1195 3446 1225 3507 fn
1246 3446 1470 3524 mancipiomm

288 3539 402 3601 infinito
424 3555 511 3618 grege
531 3533 655 3602 iacebat.

330 3634 440 3698 Mixtae
461 3653 531 3700 vero
551 3638 661 3700 formae
681 3637 830 3716 dicuntur,
845 3655 921 3717 quae
941 3655 977 3702 ex
999 3640 1177 3719 simplicium
1192 3649 1245 3703 out
1260 3643 1394 3704 omnium
1408 3652 1466 3705 aut

290 3731 415 3795 duarum
441 3735 597 3797 dumtaxat
616 3735 764 3798 iunctione
792 3736 945 3798 resultant.
967 3733 1160 3801 Communius
1182 3732 1280 3802 tamen
1302 3739 1468 3813 habentur,

291 3842 357 3890 cum
380 3830 524 3909 princeps,
545 3832 702 3908 optimates
722 3839 752 3893 et
774 3833 900 3914 populus
920 3834 962 3895 ite
983 3835 1080 3910 quoad
1103 3835 1233 3912 regimen
1255 3845 1468 3915 temperantur

289 3921 364 3986 inter
378 3941 421 3998 se3
437 3936 469 3988 ut
483 3942 615 4006 quaeque
637 3943 705 4006 pars
726 3928 765 3990 ad
785 3931 1005 4007 gubernandam
1022 3931 1235 4008 rempublicam
1250 3933 1353 4012 aliquo
1372 3935 1468 3998 modo

288 4030 453 4098 concurrat,
475 4033 503 4086 et
524 4025 572 4086 ius
593 4025 711 4104 aliquod
733 4025 895 4104 politicum,
915 4028 1087 4105 praesertim
1110 4040 1248 4108 respectu
1269 4031 1370 4111 legum
1390 4047 1469 4096 con·

287 4114 458 4194 dendarum,
480 4124 613 4213 retineat.

330 4209 382 4274 His
398 4217 559 4292 praefactis,
572 4222 674 4297 quaeri
691 4231 791 4300 posset
805 4239 949 4302 quaenam
966 4225 1119 4304 regiminis
1139 4227 1358 4293 forma'ceteris
1372 4245 1462 4308 prae-

285 4317 360 4385 stet;
380 4312 427 4375 col
448 4317 608 4391 quaestioni
629 4319 672 4380 sic
692 4321 841 4398 gradatim
863 4323 1120 4401 respondebimus.
