3159 4934
389 317 471 360 CAPUT
491 318 506 358 l.
525 318 559 358 br:
577 318 635 359 FINE
653 315 823 362 caputmortis
841 317 969 359 Humanas
1229 310 1259 366 31

26 491 28 498 ,
100 442 149 490 111
163 426 335 504 immediato,
346 443 400 505 per
413 430 552 507 seipsum,
567 429 618 490 sed
634 431 662 490 vi
676 429 809 507 alterius,
825 445 927 507 nempe
942 432 970 492 vi
985 437 1262 509 repraesentationis

99 524 205 598 idealis,
219 526 249 587 iu
271 542 330 604 qua
352 526 550 604 splendescat,
564 543 654 605 seque
674 536 813 606 tanquam
835 527 864 588 in
886 527 1006 604 speculo
1026 531 1262 608 conspiciendum

100 634 239 696 exhibeat.
261 631 346 696 Hanc
367 635 513 697 visionem
541 635 632 713 aliqui
658 644 764 698 vocant
787 633 1018 714 obstructiuum,
1040 636 1091 700 sed
1112 639 1187 700 mibi
1207 653 1263 701 non

101 731 194 808 placet.
211 729 288 794 Nam
305 732 477 795 huiusmodi
498 732 694 796 denominatio
712 735 853 812 competit
874 734 972 811 potius
992 736 1159 814 cognitioni,
1173 753 1261 814 quam

101 829 132 891 de
146 828 204 892 Deo
217 831 363 892 babemus
377 831 410 892 'in
427 830 483 892 bac
501 831 569 910 vita,
589 847 640 908 per
655 833 768 908 species
789 848 846 894 nun
867 831 995 908 infusus
1018 833 1069 894 sed
1087 830 1262 895 abstructus

103 944 117 987 a
131 929 213 989 rebus
227 929 427 1000 sensibilibus,
439 935 470 990 et
483 944 559 1006 quae
574 929 602 991 vi
618 929 847 991 ratiocinationis
858 918 891 991 ¹in
905 929 1035 1007 aliquam
1050 929 1133 993 valde
1147 938 1262 993 tenuem

103 1024 310 1088 etiudirectam
332 1034 363 1089 et
382 1026 670 1103 imperfectissimam
692 1027 826 1088 notitiam
848 1026 903 1090 Dei
924 1029 1068 1105 perducit.

26 1161 27 1170 .
136 1121 213 1186 Haec
233 1124 314 1186 dicta
335 1130 405 1186 sunt
425 1125 613 1202 hypothetice
642 1139 695 1202 pru
727 1134 806 1188 statu
830 1140 909 1188 mere
932 1126 1070 1199 naturali,
1090 1128 1141 1204 qni
1168 1127 1262 1204 possi-

102 1221 163 1282 bilis
183 1229 243 1284 est:
265 1229 297 1283 at
317 1223 354 1284 de
375 1223 454 1285 iactu
474 1237 531 1284 nun
553 1221 654 1296 datnr3
669 1238 735 1285 cnm
752 1221 874 1286 Divinae
896 1223 1018 1285 bonitati
1034 1223 1177 1300 placuerit
1195 1238 1263 1286 eve·

106 1320 168 1381 bere
187 1319 333 1383 bominem
355 1320 503 1383 adfinem
526 1319 775 1398 supernaturalem
799 1320 918 1383 visionis
940 1321 1103 1394 intuitivae,
1118 1321 1155 1382 ad
1173 1332 1262 1399 quam

103 1418 127 1478 in
147 1419 200 1478 bac
221 1419 283 1480 vita
306 1418 472 1494 disponitur
493 1426 522 1481 et
544 1427 732 1495 promovetur
753 1433 805 1496 per
825 1419 951 1496 gratiam
973 1417 1215 1480 sanctificantem.

136 1511 246 1578 Dices:
262 1514 316 1578 llla
339 1516 414 1578 visio
428 1514 590 1594 arguitiuu
607 1531 663 1578 non
684 1515 814 1592 expleret
836 1517 951 1594 penitus
966 1514 1143 1577 desiderium
1163 1516 1260 1588 animi,

103 1612 147 1687 qui
167 1620 244 1675 certe
267 1613 392 1675 ulterius
414 1621 534 1692 cuperet
547 1613 645 1676 videre
665 1613 763 1690 ipsam
784 1613 940 1675 essentiam
955 1611 1008 1676 1111
1030 1614 1059 1674 11
1078 1629 1119 1686 se,
1134 1613 1261 1675 revelata

104 1708 178 1785 latio,
198 1711 259 1774 sine
280 1710 340 1773 ullo
361 1712 466 1775 medio.

138 1803 319 1886 Respondeu:
335 1805 401 1871 Non
415 1808 545 1888 expleret
559 1806 803 1882 obscurumne
819 1806 871 1870 se'd
885 1808 1014 1886 expleret
1027 1807 1164 1882 relative,
1176 1809 1262 1870 nimi·

107 1921 164 1966 rum
179 1907 276 1984 quoad
299 1907 419 1969 modum
441 1914 593 1970 creaturae
614 1915 848 1980 consentaneum,
861 1924 947 1986 cepo.
962 1906 1015 1971 Illa
1032 1907 1106 1970 visio
1125 1907 1262 1970 intuitiva

102 2005 212 2080 propria
230 2009 275 2067 est
292 2003 465 2079 soliusllei;
480 2005 602 2067 utnulla
618 2013 716 2067 111111
737 2021 821 2067 meus
842 2005 1053 2067 rationabiliter
1074 2006 1141 2084 angi
1155 2014 1261 2082 potest,

100 2103 171 2178 quod
184 2103 244 2181 ipsi
264 2119 321 2166 non
337 2104 485 2167 tribuatur
498 2105 604 2167 modus
619 2105 810 2182 cognoscendi
833 2107 971 2181 proprius
985 2112 1107 2168 naturae
1121 2106 1260 2167 infinitae.

99 2197 291 2264 Nihilominus
304 2202 381 2279 quod
402 2199 452 2262 illa
473 2202 546 2264 visio
568 2217 623 2263 non
645 2202 760 2278 expleat
775 2199 914 2265 1111111111
930 2203 1109 2265 desiderium
1125 2203 1261 2276 videntis,

100 2299 212 2362 exbibet
232 2299 467 2380 comprecantium
489 2315 543 2361 cur
563 2297 643 2361 Deus
663 2299 787 2376 benigne
807 2298 935 2362 voluerit
957 2299 1092 2376 supplere
1117 2300 1261 2362 delectum

26 2425 28 2454 i
101 2397 302 2476 intelligentiae
324 2404 439 2459 creatae
459 2395 620 2458 elevatione
640 2397 676 2458 ad
700 2404 812 2458 statum
833 2397 955 2474 gratiae,
974 2397 1003 2458 in
1024 2413 1083 2474 qua
1104 2397 1261 2474 participet

26 2489 28 2514 '
103 2497 188 2572 ipsam
209 2495 339 2557 divinam
362 2493 580 2557 beatitudinem.

141 2589 232 2655 Obiic.
248 2589 283 2656 V.
298 2589 379 2654 Finis
401 2591 524 2653 ultimus
545 2593 646 2669 nequit
666 2607 732 2654 esse
752 2591 793 2665 id,
807 2591 845 2654 ad
866 2591 944 2670 quod
958 2593 1046 2654 homo
1066 2590 1176 2653 nullam
1194 2607 1261 2668 pro·

98 2691 253 2766 portionem
278 2689 377 2752 habet.
403 2687 498 2768 Atqui
521 2691 619 2762 bomo,
645 2697 745 2767 utpote
770 2690 880 2764 linitus,
906 2689 1017 2751 nullam
1043 2691 1259 2768 proportionem

98 2785 180 2850 babet
201 2789 239 2850 ad
261 2784 370 2862 Deum,
383 2788 434 2864 qui
455 2794 499 2850 est
519 2787 660 2850 infinitus.
675 2785 754 2866 Ergo
776 2787 805 2848 in
820 2786 882 2850 Deo
902 2788 971 2849 linis
993 2787 1114 2850 ultimus
1132 2787 1261 2851 bominis

98 2887 193 2962 reponi
213 2886 323 2964 nequit.

135 2983 169 3047 R.
198 2981 303 3057 Homo,
333 2985 402 3061 quia
433 2982 577 3046 limitibus
605 2983 870 3056 circumscribitur,
897 2983 1009 3046 nullam
1042 2985 1259 3062 proportionem

97 3079 325 3160 magnitudinis
352 3081 389 3142 ad
417 3078 512 3143 Deum
541 3081 649 3153 babet3
678 3080 823 3157 siquidem
850 3081 913 3143 eius
943 3081 1074 3154 realitas,
1101 3091 1261 3161 utcumque

97 3184 189 3251 aucta,
211 3193 373 3255 numquam
394 3178 540 3240 inlinitum
562 3179 742 3256 aequiparat.
764 3179 806 3240 111
827 3181 1042 3256 proportionem
1063 3180 1153 3242 babet
1176 3178 1262 3243 bubi-

98 3273 213 3338 tudiuis
235 3273 441 3350 1111111111·
457 3276 602 3353 siquidem
624 3275 814 3354 intelligentia
836 3283 865 3338 et
887 3276 1036 3340 voluntate
1056 3279 1175 3355 gaudet,
1189 3295 1262 3357 qna·

99 3387 160 3434 rum
186 3373 335 3436 obiectum
363 3381 408 3434 est
436 3387 538 3435 verum
566 3383 596 3435 et
623 3375 820 3452 bonumque
847 3373 915 3435 talia
945 3362 1032 3436 sunt.
1050 3373 1194 3448 Quocirca
1223 3375 1261 3436 ad

26 3519 27 3558 ξ
100 3479 195 3532 verum
215 3479 245 3533 ct
265 3470 377 3532 bonum
398 3470 543 3532 inlinitum
566 3481 753 3548 comparatur
772 3480 805 3532 ut
824 3469 1016 3549 perfectibite
1027 3473 1066 3534 ad
1085 3471 1258 3551 perficiens.

100 3565 133 3629 ld
147 3575 239 3632 autem
255 3568 367 3631 sufficit
382 3575 414 3631 ut
428 3566 510 3631 Deus
525 3568 621 3646 possit
635 3585 698 3632 esse
713 3570 780 3636 linis
795 3571 933 3644 bominis,
943 3586 1000 3633 non
1013 3571 1133 3648 quidem
1147 3570 1261 3633 infinito

26 3655 27 3660 ’
96 3666 180 3730 modo
200 3668 249 3731 sed
271 3667 356 3728 linito
377 3667 572 3746 attingendus.
595 3666 657 3731 Nec
682 3668 791 3730 instes:
813 3665 918 3741 Deum,
940 3677 1042 3745 utpote
1061 3669 1112 3748 qni
1135 3668 1260 3746 simplex

26 3789 27 3792 ¹
93 3773 144 3843 est,
160 3781 214 3828 non
230 3781 319 3844 posse
335 3779 390 3827 non
402 3772 496 3827 totum
512 3766 627 3844 attingi.
643 3763 720 3828 Nam
735 3766 842 3829 obiecti
863 3766 1037 3844 simplicitas
1051 3766 1182 3828 excludit
1195 3767 1261 3843 qui-

95 3859 158 3922 dem
183 3871 292 3940 partes,
312 3877 439 3938 quarum
457 3879 513 3924 una
535 3863 678 3941 capiatur,
700 3864 761 3926 sinc
782 3862 854 3937 alia3
874 3873 906 3926 11
927 3864 1045 3926 minime
1073 3862 1202 3941 postulat
1228 3876 1261 3926 nt

94 3959 271 4037 percipiatur
293 3959 377 4039 plena
398 3967 511 4023 tantum
533 3962 648 4040 sibique
662 3961 776 4039 aequali
794 3962 986 4038 perceptione.
1007 3957 1041 4024 lu
1061 3963 1119 4024 boc
1133 3963 1260 4026 babetur

94 4056 230 4131 varietas,
251 4073 327 4136 quae
347 4057 473 4136 pendeat
493 4073 529 4119 ex
551 4059 726 4137 perfectione
747 4065 870 4120 naturae
883 4066 912 4119 et
926 4057 1056 4132 luminis,
1075 4076 1134 4137 quo
1154 4075 1260 4139 cogno

94 4163 175 4216 scens
196 4163 326 4217 ornatur.
351 4152 443 4217 Cuius
464 4155 506 4217 rei
527 4155 556 4216 iu
577 4157 722 4232 praesenti
745 4156 833 4218 etiam
854 4155 1020 4234 exemplum
1042 4157 1199 4230 habemns;
1220 4158 1260 4218 si-

26 4297 27 4342 ,
96 4250 211 4328 quidem
227 4252 329 4316 cadem
345 4253 473 4330 simplex
488 4252 606 4326 veritas,
620 4252 808 4332 verbigratia,
823 4253 1019 4332 spiritualitas
1032 4255 1135 4329 animi,
1149 4255 1260 4316 maiore
