3159 4934
438 319 523 361 exeun
541 319 566 360 u.
587 319 621 361 nu
639 319 781 361 sncunrxru
796 317 875 362 cavum
1188 306 1243 364 235

63 433 97 496 in
113 433 193 510 qnod
212 432 306 496 lemur
322 433 482 496 voluntatis
504 439 611 509 motus,
627 439 657 494 et
671 447 755 496 amor
769 448 825 514 non
839 439 886 494 est
902 431 1080 512 principium
1099 435 1242 499 rationale

66 532 121 595 sed
142 531 390 616 admiraculum.
706 523 719 530 ”
901 515 925 528 ”
1023 516 1044 527 ”
1126 525 1142 532 “
1227 531 1237 538 ”

109 613 252 709 Βευῖευε,
267 629 340 692 illud
360 629 449 692 etiem
471 628 579 692 lalsum
599 630 750 708 estquod
771 631 824 704 ait,
839 630 1006 694 libertatern
1024 637 1176 693 externam
1190 646 1243 709 per

66 743 99 791 se
122 735 286 806 spectatam
308 743 430 814 cerem
428 727 584 818 limitibus.
601 725 677 790 Nam
699 727 730 789 id
750 727 848 791 locum
862 729 954 791 babet
966 729 996 790 in
1011 727 1158 791 libertatis
1173 744 1242 791 con·

67 834 170 906 cepto,
183 827 233 905 qul
249 813 577 890 abstractioue'm'entis
591 827 629 888 ah
649 827 727 888 omui
742 825 859 907 obiecto
872 835 902 888 et
917 833 1053 890 concreta
1073 826 1244 914 operatione

66 931 239 1002 separetur,
262 939 318 988 non
339 931 438 986 autem
460 939 563 988 verum
585 932 630 988 est
650 925 687 988 de
708 925 846 988 libertate
867 925 949 999 reali,
970 940 1047 1003 quae
1073 926 1242 1013 ffifflhm

69 1021 295 1108 dctemuipetaru
317 1021 373 1084 sub
393 1021 486 1085 ductu
509 1022 633 1086 rationis
655 1021 692 1086 ad
714 1023 897 1100 operandum
919 1024 1068 1101 procedat.
1090 1021 1140 1087 Sic
1165 1023 1243 1085 euim

69 1119 203 1194 libertas,
228 1119 339 1198 optime
359 1127 529 1183 coarctatur
549 1129 579 1183 ct
606 1120 717 1184 limites
737 1121 857 1198 accipit,
881 1128 944 1183 tum
965 1136 1003 1184 ex
1026 1121 1143 1184 obiecto
1163 1120 1242 1182 circa
1281 1108 1285 1121 '

70 1217 301 1304 quodguersatur
313 1225 351 1280 ,ct
364 1218 457 1282 cuius
477 1218 608 1282 ordinem
629 1229 659 1282 et
679 1218 843 1283 naturalem
864 1220 951 1305 duem
969 1197 1113 1282 invertere
1133 1219 1243 1299 nequit,

70 1323 134 1395 tum
155 1317 245 1378 etiam
266 1333 302 1379 ex
322 1316 439 1390 officiis,
459 1313 569 1396 quihus
591 1332 723 1395 persona,
744 1333 820 1396 quac
839 1326 989 1395 operatur,
1010 1317 1216 1395 adstringitur.

111 1411 199 1477 Proh.
212 1412 248 1477 ll.
260 1429 297 1476 ex
307 1398 372 1491 ipsa
382 1407 594 1494 'propositionis
606 1423 717 1478 natura.
730 1413 899 1478 Kantianus
909 1415 961 1478 bic
973 1415 1125 1479 societatis
1135 1428 1244 1492 scopus

70 1513 189 1575 videtur
209 1527 275 1574 esse
295 1512 450 1604 negaturus
464 1513 573 1590 potius,
588 1527 678 1590 quum
694 1511 848 1591 posfflus.
864 1510 931 1576 Non
945 1512 1024 1575 enim
1044 1511 1127 1574 aliud
1141 1527 1243 1575 revera

71 1625 124 1688 per
145 1625 177 1672 se
197 1609 347 1687 importat
370 1609 424 1672 nisi
446 1609 636 1673 remotionem
657 1611 945 1694 impedimentorum,
966 1625 1043 1689 quae
1067 1625 1086 1671 a
1106 1608 1244 1673 violentia

71 1723 230 1790 pravorum
243 1707 398 1780 hominum
407 1707 522 1796 iuribus
532 1708 640 1796 alienis
651 1709 738 1772 obiici
751 1717 882 1786 possent,
892 1716 922 1771 et
933 1698 1106 1778 desitioucm
1119 1723 1244 1788 pugnae,

70 1822 130 1884 qua
150 1814 234 1868 extra
255 1793 614 1869 societatem‘voluutates
635 1807 819 1885 singulorum
840 1814 945 1870 multuo
964 1807 1163 1886 confligerent.
1178 1804 1244 1880 Oua

71 1907 101 1966 in
124 1921 154 1967 rc
175 1903 286 1984 aliquid
307 1903 404 1967 simile
425 1904 587 1981 praesefert
601 1901 782 1968 Hnbbesiaui
798 1905 979 1983 systematis.
993 1902 1082 1968 Certe
1095 1903 1244 1968 eiusmodi

71 2009 129 2077 est,
143 2009 176 2064 ut
196 2001 242 2064 vel
263 2001 539 2065 individualismum
560 2001 606 2065 vel
628 2001 843 2080 despotismum
858 2017 962 2081 parere
982 2003 1097 2066 debeat.
1112 1999 1201 2075 Nam,
1215 2002 1243 2064 si

73 2101 131 2163 sibi
153 2108 287 2162 censure
314 2099 395 2173 velit,
416 2115 472 2162 nou
497 2090 577 2162 aliud
606 2099 737 2163 officium
766 2099 846 2163 civili
874 2101 1013 2178 potestati
1042 2100 1243 2178 praescribere

74 2204 184 2276 potest,
205 2197 261 2260 nisi
282 2203 315 2259 ut
334 2197 445 2259 limites
465 2198 591 2260 effrenae
612 2195 739 2260 libertati
757 2213 809 2275 per
822 2205 974 2260 externam
994 2197 1174 2260 coactionem
1189 2197 1246 2260 lm·
1305 2196 1307 2199 ’

73 2303 180 2373 ponat:
202 2302 332 2358 ceterum
355 2295 433 2357 vires
447 2293 557 2358 civium
579 2295 714 2374 propriae
735 2294 919 2374 singulorum
934 2295 1064 2358 libertati
1080 2293 1165 2372 plane
1178 2310 1245 2372 per·

73 2393 176 2466 mittit,
188 2391 357 2471 utquisque
373 2399 525 2471 tamquam
540 2401 676 2470 separata
687 2391 833 2470 quaedam
848 2393 1021 2456 exsistentia
1035 2392 1073 2454 ad
1086 2391 1244 2454 arbitrium

72 2497 221 2568 operetur,
238 2489 317 2552 nulla
338 2489 487 2553 communi
509 2498 587 2553 meta
608 2491 747 2554 omnihus
767 2490 952 2569 praestituta.
971 2490 1015 2554 At
1035 2505 1104 2553 vero
1123 2491 1166 2551 ita
1188 2489 1244 2551 sihi

76 2587 197 2652 relictae
218 2587 401 2668 singulorum
422 2587 590 2650 activitates
611 2593 716 2651 mutuo
736 2587 892 2661 divertent,
913 2587 976 2650 sine
996 2586 1136 2665 ligamine
1154 2593 1185 2649 et
1199 2600 1246 2649 or·

73 2687 222 2750 diuatione
243 2685 407 2760 communi,
423 2701 501 2764 quae
522 2686 634 2749 nonnisi
656 2702 692 2749 cx
717 2686 830 2749 unitate
854 2686 970 2764 positivi
990 2684 1145 2749 cuiusdam
1168 2683 1246 2759 linis,

72 2786 112 2848 ad
132 2800 222 2863 quem
242 2782 314 2848 socii
336 2783 513 2862 dirigantur,
535 2787 688 2861 provenire
711 2791 815 2861 potest

113 2881 201 2957 Quod
216 2881 241 2943 si
257 2881 398 2944 sententia
414 2881 474 2961 illa,
485 2881 664 2958 sibimetipsi
678 2880 863 2955 dissentiens,
874 2879 954 2943 civili
968 2881 1119 2962 potestati,
1130 2888 1248 2959 praeter

74 2982 262 3061 concordiam
278 2990 398 3044 mutuae
412 2981 569 3054 libertatis,
579 2981 626 3042 ius
642 2981 754 3044 tribuat
770 2981 989 3058 praescribendi
1002 2980 1061 3044 alia
1076 2981 1166 3056 hena,
1179 2975 1247 3045 con·

72 3097 165 3143 cursu
188 3078 370 3158 singulorum
392 3079 502 3144 civium
523 3079 697 3156 obtinenda3
712 3079 798 3142 iacile
819 3080 857 3141 ad
878 3080 1094 3158 despotismum
1109 3081 1246 3144 adducet.

71 3177 142 3243 Non
162 3177 241 3240 enim
264 3193 395 3240 normam
417 3177 507 3239 ullam
529 3177 650 3254 praebet
674 3186 706 3240 et
733 3177 844 3240 limites
864 3194 880 3238 a
901 3179 962 3241 line
988 3179 1172 3256 desumptus,
1193 3180 1246 3242 sed

71 3277 197 3340 confuse
207 3283 236 3338 et
246 3275 469 3338 indeterminate
483 3273 649 3338 libertatem
662 3275 833 3338 harmonice
843 3275 1035 3338 coercendam
1045 3277 1137 3361 iniret.
1148 3274 1247 3350 Quare

72 3389 179 3436 ansam
200 3373 251 3435 dat
272 3372 352 3435 civili
368 3373 537 3436 auctoritati
553 3381 586 3434 ut
606 3373 704 3436 omnia
721 3388 753 3435 se
768 3387 856 3450 posse
869 3374 1041 3449 arbitretnr;
1057 3382 1097 3448 et,
1111 3389 1143 3436 se
1156 3375 1247 3437 ratio·

73 3488 142 3534 nem
165 3471 302 3536 socialem
326 3469 486 3549 appellans,
507 3473 676 3539 octonorio
703 3471 822 3534 omnino
848 3473 911 3546 liat,
932 3472 1096 3534 imitatione
1124 3472 1246 3536 rationis
1325 3499 1328 3503 ·

72 3569 275 3644 individualis,
289 3585 365 3648 quae
378 3571 462 3632 iuxta
478 3567 622 3632 Kantium
636 3569 750 3632 nnuuisi
766 3570 943 3648 sibimetipsi
957 3569 1125 3633 auscultare
1138 3577 1169 3634 et
1179 3571 1250 3634 ohe·

73 3667 142 3730 dire
163 3675 283 3730 tenetur.

118 3763 204 3829 Proh.
220 3763 270 3830 ltl.
284 3765 501 3829 excorollariis
515 3783 592 3844 quae
605 3775 834 3845 consequuntur.
848 3763 982 3829 Primum
997 3764 1188 3829 corollarium
1202 3776 1249 3830 est

71 3865 213 3930 interitus
241 3863 331 3927 totius
353 3863 531 3927 moralitatis
553 3864 697 3942 publicae.
720 3862 898 3939 Nemeum
926 3878 1059 3941 quaeque
1092 3874 1249 3943 praecepta

71 3954 213 4036 iuridica,
228 3961 307 4024 circa
320 3977 398 4040 quae
419 3960 532 4024 coactio
552 3969 733 4035 exerceatur,
748 3977 804 4023 nou
819 3960 937 4023 aliunde
957 3961 988 4022 in
1009 3963 1067 4024 hac
1087 3963 1249 4041 hypothesi

72 4061 257 4133 deriventur,
271 4060 327 4122 nisi
349 4075 385 4123 ex
407 4060 807 4146 principiulcodxsisteutiae3
822 4058 896 4132 nihil
917 4058 1013 4122 civilis
1033 4067 1166 4138 potestas
1182 4077 1250 4140 pro·

72 4161 180 4224 hibere
201 4157 307 4238 poterit
321 4173 357 4222 ex
377 4158 414 4220 iis
435 4159 534 4232 rebus,
547 4171 623 4236 quae
643 4157 685 4220 ita
700 4156 831 4220 libertati
846 4156 933 4219 unius
951 4158 1060 4234 tavent,
1075 4165 1110 4220 ut
1124 4158 1250 4222 alterius

71 4258 207 4322 libertati
236 4272 295 4321 unu¹
320 4263 462 4322 noceant
479 4253 557 4320 Hinc
584 4270 678 4334 neque
712 4255 882 4334 suicidium,
910 4270 1005 4334 neque
1039 4254 1249 4334 blasphemiae,
