3159 4934
376 335 380 343 ·
418 335 502 378 onnur
521 335 547 376 n.
566 335 601 376 nn
618 333 761 376 sommare
778 334 871 375 crunt·
1062 345 1064 351 ·
1167 315 1220 376 233

46 467 139 529 scopo
158 465 212 513 suo
234 448 449 528 propinquabit.
465 446 575 521 Tertio,
588 447 658 527 quia
673 463 729 510 non
750 446 877 522 aliunde,
898 462 988 526 qaam
1009 463 1047 510 ex
1068 447 1137 509 finis
1149 462 1222 511 oon·

47 549 237 621 sideratione,
263 562 400 609 mensura
425 545 541 608 desumi
563 552 660 623 potest
681 552 744 607 tum
766 545 931 608 ciliciorum
951 552 980 608 et
1002 544 1125 619 iuriam,
1144 560 1221 624 qnae

47 647 129 712 civili
144 645 313 708 auctoritati
327 649 507 723 competunt,
522 643 689 707 tumetium
704 642 845 716 limitum,
858 642 967 720 quibus
987 642 1037 706 illa
1053 643 1221 706 vincturae

45 749 210 808 coercetur.

88 839 182 905 Porro
202 840 345 904 eiusmodi
362 839 492 919 cognitio
512 855 529 901 a
551 838 674 902 scientia
689 838 887 917 depromenda
907 844 963 902 est.
984 837 1127 903 Homines
1142 840 1219 902 enim

46 939 193 1019 principio
221 939 259 1000 ad
286 937 457 1001 societatem
483 938 670 1000 adducuntur
692 937 833 1001 instinctu
855 937 1070 1016 potiusquam
1092 939 1217 1013 ratione;

44 1037 157 1100 saltem
177 1035 263 1098 valde
282 1037 436 1100 confusam
455 1035 602 1098 notionem
616 1034 759 1098 habentes
773 1035 943 1098 intentionis
957 1042 1089 1108 naturae,
1103 1051 1138 1096 ac
1153 1050 1221 1113 pro·

45 1135 118 1197 inde
138 1133 309 1212 mediorum,
324 1149 400 1212 qnae
421 1133 496 1210 ipsis
509 1133 548 1195 ad
566 1133 796 1196 subveniendum
818 1131 988 1212 indigentiis
1002 1139 1065 1194 tum
1089 1133 1221 1211 physicis

46 1239 114 1294 tum
128 1232 291 1295 moralibus
313 1231 343 1292 in
363 1231 511 1294 consortio
532 1231 614 1296 civili
637 1238 858 1310 praeparantur.
873 1229 916 1293 At
936 1232 1059 1294 seientia
1083 1247 1223 1309 superre-

46 1327 155 1407 niente,
183 1343 259 1406 quae
287 1327 472 1391 reflexionem
492 1328 620 1391 hominis
643 1335 855 1406 repraesentat,
875 1328 941 1393 idea
967 1329 1017 1390 illa
1039 1330 1074 1391 tit
1095 1328 1222 1392 lucidior

45 1427 287 1505 distinctiorque3
308 1433 396 1505 atque
410 1426 452 1488 ita
473 1427 563 1500 cives,
578 1440 669 1504 scopo
681 1443 770 1505 quem
790 1427 917 1490 societas
931 1432 1045 1504 spectat
1059 1426 1221 1500 declarato,

45 1525 85 1588 ad
97 1525 305 1602 perfectionem
319 1531 544 1587 consentaneam
559 1524 779 1603 adipiscendam
795 1524 880 1603 longe
894 1524 999 1586 melius
1014 1524 1220 1601 disponuntur.

46 1619 133 1696 Quod
154 1637 222 1686 cum
243 1621 285 1684 ita
306 1622 356 1696 sit,
377 1622 531 1700 diligenter
550 1621 713 1686 curandum
735 1630 781 1684 est
803 1631 836 1685 ut
857 1637 966 1700 scopus
987 1621 1038 1685 bic
1053 1623 1108 1684 rite
1122 1623 1222 1686 deter-

47 1719 187 1795 minetur,
203 1721 375 1798 praesertim
391 1735 458 1782 cnm
474 1720 677 1784 rationalistae
698 1720 755 1782 bac
774 1722 944 1798 quaestione
959 1720 1044 1783 valde
1057 1721 1222 1784 abutantur

47 1817 87 1880 ad
109 1816 258 1880 societatis
277 1817 409 1882 ordinem
431 1818 667 1896 pervertendum.

90 1910 139 1976 43.
160 1910 326 1999 opiniones
340 1912 461 1982 variat.
479 1913 536 1990 Qui
551 1916 598 1978 ius
611 1925 734 1980 naturae
748 1923 818 1978 ante
838 1912 983 1978 Kantinm
1006 1924 1220 1998 tractaverunt,

48 2013 139 2074 finem
161 2013 310 2076 societatis
331 2012 427 2076 civilis
448 2013 495 2076 vel
511 2014 548 2098 in
567 2013 663 2100 salute
685 2013 815 2091 publica,
830 2013 875 2076 vel
889 2015 919 2077 in
934 2014 1025 2079 tutela
1040 2015 1161 2090 iurium,
1174 2015 1222 2080 uel

48 2111 79 2173 in
101 2111 260 2174 securitate
280 2111 392 2192 interna
413 2119 443 2174 et
460 2119 593 2198 ¹esterna,
616 2106 660 2174 vel
679 2101 717 2174 ¹in
733 2128 892 2191 progressu
916 2120 1038 2176 naturae
1066 2113 1222 2192 humanae,

49 2209 98 2272 rel
118 2210 149 2271 in
170 2224 205 2272 co
226 2209 254 2271 ia
276 2209 418 2299 bonorum
439 2217 627 2273 externorum
649 2211 811 2288 generatim
834 2216 1004 2288 posuerunt.
1026 2208 1109 2285 Quae
1133 2213 1222 2273 effata

48 2321 139 2384 saepe
160 2322 197 2368 an
232 2292 500 2371 mancas'unt'ant
520 2287 1073 2388 amffiguffidlt'em'nimis'vagantur
1093 2318 1123 2372 et
1136 2307 1220 2372 falsis

47 2405 339 2482 interpretationibus
360 2421 463 2467 ansam
486 2405 634 2483 praebent.
657 2403 832 2468 Emmanuel
852 2403 943 2480 liant,
963 2405 1096 2470 hodierni
1118 2405 1222 2470 Ratio·

47 2502 167 2565 nalismi
188 2510 301 2576 auctor,
316 2503 360 2564 sic
375 2504 462 2564 linem
477 2502 593 2565 civilem
608 2502 773 2566 constituit:
792 2501 914 2566 ioniam
930 2504 1072 2581 principio
1086 2504 1122 2566 de
1137 2504 1222 2566 abso

47 2601 115 2663 luta
135 2600 262 2667 hominis
281 2600 513 2677 independentia,
533 2600 698 2663 libertatem
719 2601 886 2664 bominisa
918 2601 1029 2664 ratione
1049 2602 1220 2680 requisitam

45 2698 78 2760 in
93 2698 151 2760 boc
166 2697 300 2771 collocat,
311 2697 390 2776 quod
402 2697 537 2761 voluntas
552 2713 584 2761 sc
595 2713 675 2760 mere
689 2698 825 2804 “Qri
836 2697 1064 2782 adoperandum
1079 2698 1221 2774 inflectat,

47 2796 189 2857 nimirum
211 2803 330 2878 prmnter
345 2798 437 2860 solam
453 2796 546 2876 legem
568 2797 702 2869 rationis,
716 2798 839 2880 remotisv
852 2785 967 2878 petens
977 2797 1222 2876 impressionibus

48 2893 212 2972 empiricis.
227 2883 374 2958 lam'v'e'ro'
388 2891 445 2958 bae
459 2897 675 2974 impressiones,
695 2910 771 2973 quae
793 2895 937 2958 removeri
958 2895 1073 2968 debent,
1095 2896 1221 2974 duplicis

48 2994 167 3072 generis
193 3002 275 3057 sunt:
304 2995 379 3058 aliae
402 2995 543 3069 internae,
567 3010 644 3073 quae
668 2995 706 3058 ab
730 2995 864 3080 appetitu
894 3001 924 3056 et
950 2993 1105 3057 aflectibus
1131 2994 1222 3056 animi

46 3093 196 3168 oriuntur,
208 3093 282 3157 aliae
295 3102 441 3167 externae,
452 3108 528 3171 qnae
542 3110 559 3154 a
571 3093 600 3156 vi
610 3094 737 3172 quadam
751 3093 880 3154 bumana
892 3091 1062 3169 procedunt,
1076 3092 1220 3155 actionem

47 3198 181 3254 nostram
200 3191 413 3270 praepediente.
440 3188 518 3253 Hine
542 3191 673 3254 ordinem
699 3189 841 3252 moralem
866 3188 1021 3267 distinguit
1049 3190 1088 3252 ab
1120 3190 1221 3252 ordine

45 3288 182 3352 iuridico.
198 3285 275 3352 Nam
296 3289 375 3368 leges
389 3305 463 3366 qnae
485 3293 619 3351 tutantur
632 3289 798 3351 libertatem
820 3290 974 3361 internam,
987 3296 1017 3351 et
1039 3288 1220 3350 coactionem

45 3389 210 3464 important
229 3389 268 3450 ab
288 3387 405 3450 homine
426 3387 455 3449 in
478 3388 608 3464 seipsum
622 3387 827 3460 exercendam,
841 3387 986 3464 pertinent
1006 3385 1045 3447 ad
1063 3384 1220 3458 moralem3

47 3499 127 3563 quae
139 3500 209 3548 vero
219 3484 381 3564 respiciunt
395 3484 561 3549 libertatem
576 3491 726 3548 externam
738 3493 768 3546 et
778 3485 957 3548 coactionem
972 3482 1096 3545 aliorum
1108 3483 1222 3556 iubent,

47 3598 87 3646 ne
108 3583 146 3645 ab
163 3582 276 3660 agendo
295 3597 349 3646 nos
370 3583 541 3660 impediant,
562 3583 610 3644 ius
631 3583 824 3645 constituunt:

52 3738 54 3744 .
91 3682 136 3744 At
154 3681 291 3760 quoniam
312 3681 433 3765 libertas
456 3688 577 3745 externa
593 3695 649 3757 per
671 3695 703 3743 se
724 3679 817 3742 limite
832 3686 922 3752 caret,
936 3687 967 3742 et
987 3679 1094 3756 cuique
1108 3677 1221 3740 bomini

47 3781 203 3860 competit,
217 3787 247 3842 et
268 3772 352 3842 circa‘
363 3765 445 3841 idem
467 3779 615 3842 obiectum
631 3786 776 3850 versatur,
794 3791 896 3855 nempe
911 3775 1051 3837 mundum
1067 3775 1222 3851 adspecte-

48 3878 153 3953 bilem;
169 3876 359 3956 consequitur
379 3877 449 3939 hinc
473 3884 506 3938 ut
526 3883 648 3937 mutuus
671 3876 746 3937 inter
760 3889 862 3936 omues
883 3874 1036 3936 conflictus
1054 3878 1222 3946 enascatur,

45 3991 136 4054 quem
157 3976 234 4040 ratio
255 3975 316 4054 pati
339 3991 395 4038 non
417 3981 522 4052 potest.
538 3970 848 4050 Quarepracceptnm
870 3971 908 4032 ab
922 3985 956 4060 ea
978 3967 1223 4046 imponiturrSt'e

46 4071 301 4156 restringendam
321 4090 387 4135 csse
406 4069 579 4132 libertatem
598 4068 809 4146 cuiusquam
827 4058 1102 4129 stmutcocsistere
1119 4067 1222 4146 possit

46 4189 118 4234 oum
139 4169 445 4235 tabescendorum.
467 4167 532 4232 Hoc
555 4174 744 4245 praeceptum
773 4162 963 4245 principium
987 4163 1223 4227 eodxst'stetttioe

47 4271 187 4349 appellat,
201 4285 239 4334 ex
251 4286 344 4350 eoque
358 4268 484 4334 derivari
500 4267 544 4330 eit
558 4273 665 4345 cetera,
679 4269 827 4344 quotquot
836 4270 964 4337 enstmt,
978 4269 1134 4341 praecepta
1149 4262 1223 4324 iuri-
