3159 4934
495 336 581 379 cneur
600 336 627 377 u.
647 337 682 378 na
699 335 842 379 murmura
860 335 938 377 crvrm
1254 322 1307 379 aba

135 458 232 513 ratam
255 449 345 512 vitam
367 452 445 528 agit,
459 449 486 512 is
501 450 640 527 prolecto,
654 448 724 512 licet
741 448 987 527 splendidioribus
1008 447 1177 511 muneribus
1197 456 1306 524 carcat,

134 547 328 611 multifariam
343 555 440 609 tamen
455 546 587 610 societati
599 546 726 625 prodest.
740 544 818 609 Nam
831 543 987 608 utilitatem
1002 546 1033 607 in
1048 546 1151 627 primis
1163 546 1208 608 illi
1219 547 1309 609 affert

133 646 285 723 exemplo;
306 644 452 724 siquidem
474 644 609 708 societati
629 660 686 708 uon
701 644 788 707 modo
810 643 973 721 operositas
993 644 1160 706 necessaria
1180 651 1237 717 est,
1259 661 1307 707 re-

133 759 201 806 rum
214 744 305 806 etiam
321 744 475 821 modestia,
490 751 662 820 ceteraeque
681 743 818 822 virtutes,
838 757 913 821 quac
927 758 944 805 a
960 741 1075 819 privato
1089 742 1208 805 bomine
1221 758 1305 805 exer-

133 849 247 905 centur.
273 838 393 916 Deinde,
414 841 485 903 dum
508 841 636 904 familiae
658 841 853 918 perficiendae
871 840 924 902 dat
944 854 1074 918 operam,
1094 856 1151 903 unu
1165 840 1305 919 exiguum

136 940 269 1002 societati
294 939 524 1003 emolumentum
544 939 701 1016 importat;
722 937 868 1016 siquidem
889 937 1022 1015 singulae
1042 938 1148 1000 dumus
1167 943 1234 999 sunt
1256 952 1306 999 ve·

136 1037 192 1099 luti
211 1037 368 1099 seminaria
390 1036 531 1110 civitatis,
551 1044 582 1099 ct
601 1036 742 1099 elementa
763 1035 872 1113 quibus
893 1036 1001 1099 sociale
1023 1049 1131 1112 corpus
1152 1050 1307 1113 coagmen-

135 1132 386 1213 tatur.,l)enique,
406 1150 443 1197 nc
464 1133 549 1212 plura
564 1138 724 1212 consecter,
739 1133 810 1195 dum
832 1132 907 1195 civis
930 1132 1078 1210 propriam
1101 1132 1305 1211 perlectionem

133 1232 260 1310 adipisci
280 1232 441 1305 contendit,
462 1238 491 1293 ct
510 1231 686 1308 morigeram
710 1231 801 1292 vitam
822 1231 961 1304 instituit,
981 1231 1117 1294 societati
1138 1230 1248 1308 duplici
1269 1246 1305 1292 ex

132 1332 231 1409 capite
252 1331 344 1406 lavet;
367 1330 506 1408 primum,
526 1331 597 1408 quia
618 1339 732 1407 partem
752 1330 884 1409 aliquam
909 1330 1019 1409 politici
1041 1329 1182 1408 corporis,
1203 1344 1306 1407 nempe

133 1429 276 1507 seipsum,
290 1430 423 1507 perficit;
444 1429 559 1502 deinde,
573 1428 643 1507 quia
657 1428 695 1491 ad
710 1430 796 1491 tinem
818 1428 903 1491 illum
923 1443 954 1490 se
976 1437 1136 1506 promovet,
1157 1428 1196 1490 ad
1216 1442 1303 1505 quem

133 1528 260 1590 societas
274 1527 355 1590 cives
367 1540 470 1589 omncs
490 1526 636 1588 adducere
651 1525 748 1600 vellet,
771 1541 876 1603 nempe
896 1524 1077 1598 felicitatem,
1091 1539 1126 1586 ex
1143 1524 1227 1587 bonis
1244 1539 1306 1587 mo·

133 1626 219 1687 ribus
232 1631 427 1688 enasceutcm.
449 1622 534 1697 Quod
555 1623 579 1685 si
596 1623 709 1701 potiora
731 1625 805 1686 bona
826 1639 882 1686 non
902 1625 998 1696 affert,
1019 1621 1143 1698 culpari,
1165 1621 1228 1684 sine
1243 1637 1307 1683 ma·

133 1722 240 1785 nilcsta
261 1721 377 1795 iniuria,
398 1721 513 1799 oequit3
534 1729 598 1783 tum
619 1722 688 1799 quia
704 1736 799 1800 nenio,
821 1721 907 1783 modo
928 1720 999 1781 nulli
1023 1719 1195 1799 obligationi
1217 1720 1304 1793 desit,

132 1820 216 1883 adid
236 1820 488 1898 quodperlectius
509 1828 554 1881 est
571 1819 780 1898 adstringitur;
803 1826 867 1881 tum
886 1818 975 1881 etiam
997 1818 1067 1896 quia
1090 1817 1214 1880 societas
1236 1831 1305 1894 ope·

131 1916 274 1981 rosiorem
297 1917 406 1980 civium
431 1932 608 1981 concursum
637 1916 808 1989 bonoribus,
829 1916 995 1993 stipendiis.
1011 1916 1138 1994 aliisque
1164 1915 1304 1993 praemiis

131 2021 348 2088 remuneratur,
362 2015 472 2092 quibus
486 2015 535 2077 ille
549 2013 672 2077 libenter
687 2030 717 2076 sc
730 2014 860 2091 abdicat,
871 2029 925 2077 nec
939 2013 1020 2076 aliud
1034 2030 1051 2075 a
1067 2014 1205 2076 societate
1223 2013 1304 2093 petit,

130 2113 188 2175 uisi
214 2112 339 2174 tutelam
357 2112 478 2185 iurium,
502 2112 641 2190 quibusa
657 2120 761 2174 natura
781 2111 947 2173 instructus
959 2120 1015 2173 est.
1030 2108 1115 2185 Quod
1131 2111 1304 2174 beneficium

134 2210 262 2290 proiecto
286 2219 459 2288 compensat
483 2218 546 2273 tum
568 2212 753 2273 observantia
777 2210 876 2289 legum
901 2212 1046 2285 civilium,
1068 2217 1131 2272 tum
1159 2209 1305 2272 solvendis

131 2307 338 2385 vectigalibus,
353 2315 417 2370 tum
432 2310 561 2371 maxime
574 2308 634 2370 illis
648 2309 732 2379 bonis
754 2309 969 2383 consectandis,
984 2323 1060 2388 quae
1074 2308 1210 2385 superius
1225 2322 1305 2370 com-

132 2407 372 2472 memoravimus.

170 2505 205 2569 ld
227 2506 358 2568 diximus
371 2506 407 2567 ad
422 2521 552 2571 errorem
567 2507 765 2585 repellendum
780 2508 912 2582 illorum,
927 2509 978 2586 qui
1000 2508 1117 2585 pruritu
1132 2507 1303 2583 nescioquo

131 2614 254 2685 pacatos
274 2606 408 2669 bomincs
434 2614 464 2668 et
485 2607 634 2670 modestos
663 2608 841 2686 vituperant,
861 2609 948 2687 quasi
976 2607 1094 2671 laedant
1115 2607 1301 2679 societatem

128 2720 221 2783 quam
243 2704 340 2782 potius
360 2705 417 2782 ipsi
438 2706 610 2783 perturbant
630 2714 660 2767 et
681 2707 875 2770 dehonestant
894 2707 1052 2770 insatiabili
1074 2706 1236 2784 cupiditate
1251 2706 1305 2768 ho-

131 2816 236 2863 norum
256 2810 285 2864 et
308 2803 507 2880 pecuniarum,
528 2802 638 2880 quibus
659 2804 744 2867 unice
765 2804 888 2879 inhiant,
904 2806 1024 2868 obtentu
1045 2805 1113 2868 boui
1128 2805 1301 2867 communis.

130 2898 331 2965 Nihilominus
350 2901 450 2979 negari
471 2902 573 2978 nequit
587 2900 672 2981 louge
692 2902 820 2965 nobilius
840 2903 937 2966 officio
952 2903 1056 2965 sociali
1076 2910 1107 2965 et
1127 2904 1240 2981 patriae
1254 2918 1304 2965 ca-

130 3000 213 3061 ritati
234 2999 404 3062 satisfacere
424 3014 485 3072 eos,
505 2998 557 3076 qui
580 3000 703 3076 privatis
723 3000 884 3063 virtutibus
905 3016 1009 3063 curam
1027 3000 1192 3079 adiungunt
1213 3000 1302 3078 pcrti-

130 3097 228 3160 ciendi
252 3097 341 3159 ctiam
362 3096 445 3175 alios,
473 3105 502 3160 et
524 3097 614 3159 totius
642 3099 792 3161 societatis
813 3098 1037 3176 amplitudinem
1061 3105 1092 3161 et
1119 3099 1302 3176 splendorem

133 3194 317 3273 procurandi.
339 3192 396 3266 Qui
419 3202 515 3258 tamen
539 3194 695 3273 diligenter
716 3212 820 3259 curare
845 3196 952 3259 debent
972 3203 1005 3258 ut
1026 3205 1094 3258 ante
1119 3197 1156 3258 iis
1181 3195 1300 3257 dotibus

33 3280 36 3286 ’
130 3300 280 3366 ornentur,
301 3300 377 3370 quae
396 3291 434 3353 ad
461 3292 606 3354 eiusmodi
627 3294 789 3357 exercenda
811 3309 931 3357 munera
961 3309 1079 3357 neccsse
1107 3300 1185 3366 suut,
1210 3292 1302 3354 etad

133 3390 258 3454 fideliter
270 3398 428 3468 sancteque
442 3389 683 3453 satisfaciendum
698 3390 897 3469 peculiaribus
913 3391 1150 3471 obligationibus,
1162 3389 1228 3451 inde
1241 3404 1302 3452 ma·

131 3489 280 3551 nantibus.

175 3582 240 3650 106.
262 3581 372 3653 dificia
390 3580 578 3650 subditorum
600 3601 678 3671 erga
699 3584 883 3673 Principem.
909 3587 1058 3665 Respecto
1084 3586 1220 3664 publicae
1249 3602 1300 3648 au-

133 3684 279 3746 ctoritatis
300 3684 427 3760 primum
449 3682 580 3745 officium
601 3692 646 3745 est
667 3685 832 3748 obedientia
854 3686 1027 3763 praestanda
1043 3684 1157 3763 legibus
1173 3690 1202 3745 et
1219 3698 1302 3760 prae·

132 3782 325 3861 ceptionibus,
340 3798 357 3845 a
372 3781 504 3860 legitimo
519 3779 674 3859 Superiore
688 3784 836 3861 protectis.
851 3782 916 3847 Etsi
931 3784 1008 3846 enim
1023 3783 1198 3863 quandoque
1213 3782 1302 3859 leges,

130 3896 207 3959 quac
228 3880 257 3941 in
279 3878 399 3942 civitate
418 3880 562 3953 feruntur,
576 3879 712 3956 poenales
726 3881 785 3943 sint
799 3881 953 3944 dumtaxat
968 3882 1123 3959 (quatenus
1144 3897 1181 3943 ex
1201 3880 1304 3943 volun-

130 3986 192 4041 tate
205 3976 386 4055 legislatoris
400 3992 456 4039 uon
471 3975 612 4041 moralem
633 3976 843 4055 obligationem
863 3980 1022 4055 imponant,
1037 3979 1088 4042 sed
1103 3986 1216 4041 tautum
1234 3994 1301 4057 poe·

130 4092 198 4140 nam
225 4075 353 4153 aliquam
380 4074 553 4153 praesertim
580 4074 804 4152 pecuniariam);
835 4081 932 4137 tamen
962 4091 1013 4153 per
1037 4091 1069 4138 se
1089 4084 1119 4139 et
1140 4076 1301 4155 generatim

130 4174 339 4238 conscientiam
356 4172 459 4250 ligant,
474 4172 515 4233 ita
531 4179 563 4233 ut
577 4160 701 4234 violator
714 4187 770 4234 nou
785 4172 872 4237 modo
887 4187 1006 4251 poenae,
1021 4174 1073 4236 sed
1093 4176 1181 4238 ctiam
1197 4175 1302 4253 culpae

129 4270 276 4335 obnoxius
298 4271 360 4331 liat.
382 4267 417 4332 Id
437 4268 603 4332 clarissime
624 4275 706 4346 patet
726 4269 866 4347 primum,
887 4272 967 4349 quia,
989 4271 1014 4333 si
1035 4288 1122 4336 secus
1142 4281 1231 4347 esset,
1249 4289 1302 4336 au·
