3159 4934
388 355 475 398 cuent·
492 357 509 398 i.
529 355 563 398 DE
581 354 721 398 spctatam
739 355 883 398 nonnsmt

430 581 606 650 Solvuntur
626 582 838 664 difficultates.

87 755 116 822 8.
141 756 235 824 otttc.
257 758 281 824 Ι.
303 757 371 824 Sine
391 761 527 840 coniugio
548 777 639 841 genus
659 762 822 825 numanum
844 763 1010 826 conservari
1031 779 1087 828 uon
1110 769 1220 840 posset.

43 857 128 938 Ergo
148 859 316 938 coniugium
337 867 383 923 est
403 860 440 922 de
460 861 524 923 iure
544 868 674 924 naturae.
695 859 773 940 Ergo
795 860 960 924 caelibatus
980 860 1138 939 opponitur
1159 861 1219 922 iuri

44 963 181 1019 naturae.

89 1050 128 1116 R.
143 1051 226 1118 Dist.
242 1052 299 1118 Est
315 1055 351 1118 de
372 1057 436 1119 iure
449 1065 571 1120 naturae
585 1056 767 1139 facultativo,
781 1073 864 1121 cono.
879 1058 916 1122 de
930 1058 993 1121 iure
1007 1064 1130 1120 naturae
1143 1057 1220 1121 obli-

44 1157 146 1230 gante,
169 1151 264 1214 subd·
288 1153 436 1233 obligante
461 1171 552 1234 genus
581 1155 743 1217 numanum
773 1171 826 1234 per
853 1171 885 1219 se
910 1162 1085 1235 spectatum,
1110 1155 1217 1218 iterum

43 1267 138 1326 cone·
160 1251 290 1330 singulos
313 1253 481 1330 separatim,
504 1268 587 1332 uago.

86 1346 187 1410 Etiam
201 1349 263 1411 sine
276 1350 458 1427 agricultura
474 1367 566 1430 genus
581 1352 743 1417 numanum
757 1352 924 1416 conservari
942 1367 997 1415 non
1013 1361 1121 1428 posset.
1137 1350 1218 1416 Num

45 1446 180 1525 sequitur
195 1455 227 1509 ut
248 1464 348 1511 omues
363 1449 494 1513 colendis
507 1450 586 1528 agris
601 1465 719 1528 operam
741 1466 849 1514 navare
863 1450 1007 1513 debeant?
1029 1448 1218 1529 Distinguen-

43 1544 118 1606 dum
142 1545 233 1624 igitur
260 1553 307 1608 ost
333 1547 489 1627 diligenter
510 1549 585 1611 inter
606 1564 650 1622 ea,
671 1564 746 1626 quae
768 1549 929 1627 respiciunt
957 1548 1067 1611 directe
1087 1549 1218 1628 privatas

45 1657 199 1720 personas,
220 1651 250 1706 et
270 1658 304 1706 ea
326 1660 402 1723 quae
423 1646 584 1725 respiciunt
605 1646 831 1709 multitudinem.
852 1643 984 1725 Utraque
1006 1653 1076 1707 suut
1095 1661 1133 1707 ex
1154 1646 1217 1707 iure

41 1747 180 1814 naturae,
194 1741 244 1803 sed
265 1741 351 1804 aliter
371 1751 400 1806 et
421 1744 514 1806 aliter.
531 1740 607 1806 Nam
631 1743 774 1822 primasi
795 1745 992 1806 necessariam
1012 1743 1217 1821 perlectionem

44 1839 220 1917 important,
241 1848 310 1902 suut
331 1840 368 1903 de
389 1842 453 1904 iure
475 1849 597 1905 naturae
618 1841 765 1920 obligante
785 1841 927 1920 singulos.
947 1839 1018 1905 Tale
1038 1848 1084 1904 εει
1104 1857 1149 1904 ex.
1172 1856 1217 1918 gr.

43 1938 177 2000 officium
199 1951 230 1999 se
252 1939 443 2002 conservandi
464 1947 554 2018 atquo
575 1939 728 2002 ordinandi
749 1939 786 2001 ad
802 1938 938 2008 ultimum
959 1942 1057 2022 tinem.
1072 1935 1217 2012 &conda

39 2035 103 2099 etsi
126 2035 330 2100 necessitatem
352 2037 495 2111 nabeaut;
512 2044 582 2100 sunt
602 2037 639 2100 de
659 2038 723 2098 iure
743 2043 865 2100 naturae
885 2036 1032 2116 obligante
1052 2038 1218 2100 commuui-

44 2140 140 2196 tatem
154 2134 296 2212 absolute,
308 2135 438 2214 singulos
453 2142 551 2198 autem
566 2151 603 2198 ex
618 2135 787 2214 hypothesi,
800 2135 939 2197 nimirum
953 2134 1010 2196 uisi
1025 2133 1075 2195 alii
1090 2135 1151 2197 siut
1165 2135 1217 2212 qui

46 2231 125 2293 bono
138 2230 181 2293 ilii
196 2232 343 2296 communi
365 2233 548 2312 procurando
563 2240 676 2296 vacent.
692 2229 870 2295 Huiusmodi
885 2239 930 2295 cst
944 2232 1123 2310 coniugium,
1137 2231 1214 2309 quod

46 2327 166 2406 proprie
190 2329 228 2390 ad
253 2330 361 2393 bouum
385 2345 442 2392 non
471 2331 677 2410 singularium,
699 2329 751 2391 sed
772 2344 926 2392 commuue
948 2329 1055 2407 speciei
1076 2328 1215 2406 primitus

49 2434 175 2504 spectat.
190 2425 293 2500 Quoad
314 2429 443 2508 singulos
458 2429 678 2491 matrimonium
693 2436 739 2490 cst
760 2427 797 2489 de
817 2427 882 2489 iure
897 2434 1018 2489 naturae
1037 2426 1094 2489 noc
1116 2441 1215 2501 sensu,

39 2531 191 2602 quatenus
213 2527 317 2604 cuique
339 2543 356 2588 a
377 2534 483 2589 natura
504 2528 539 2588 lit
559 2526 686 2589 facultas
707 2524 845 2597 nubendi,
866 2524 892 2587 si
913 2524 994 2586 libet

84 2619 249 2696 Instatis:
271 2621 381 2688 Saltem
409 2624 573 2688 caelibatus
602 2623 708 2686 minuit
737 2625 844 2686 nonum
868 2636 1022 2686 commuue
1047 2620 1214 2685 societatis:

45 2737 116 2784 uam
138 2721 376 2801 multiplicandae
398 2722 492 2788 soboli
512 2737 630 2800 operam
652 2721 811 2784 subtranit.

85 2819 122 2885 R.
145 2818 276 2884 Societas
297 2836 353 2884 nou
375 2827 419 2883 est
439 2822 610 2900 aggregatio
631 2818 774 2900 quaedam
798 2819 964 2897 plantarum
984 2825 1036 2881 aut
1058 2817 1213 2896 pecudum,

39 2921 72 2983 in
95 2935 155 2997 qua
176 2934 236 2997 quo
257 2919 350 2982 maior
371 2926 417 2981 est
437 2934 587 2992 uumerus,
608 2933 642 2981 eo
668 2917 763 2979 maior
790 2917 918 2979 nabetur
945 2915 1067 2978 utilitas.
1090 2914 1148 2979 Sed
1167 2924 1215 2980 est

40 3017 234 3104 congregatio
261 3017 413 3080 nominum
435 3017 547 3079 ratione
568 3015 757 3094 pollentium
777 3015 808 3076 in
829 3015 937 3093 quibus
958 3013 1048 3093 animi
1075 3015 1216 3092 perfectio

41 3115 233 3194 potissimum
254 3114 420 3193 quaerenda
441 3122 494 3176 εει.
516 3111 579 3178 lam
600 3129 670 3177 vero
697 3113 836 3187 caelibes,
857 3112 893 3176 de
919 3113 1029 3191 quibus
1056 3112 1215 3192 loquimur,

41 3214 157 3278 idcirco
172 3230 188 3276 a
204 3213 314 3292 nuptiis
327 3213 488 3286 abstinent,
502 3219 535 3275 ut
550 3211 587 3274 ad
603 3210 813 3290 perficiendum
833 3211 964 3274 animum
980 3211 1064 3273 unica
1084 3211 1215 3290 cogitent

41 3321 74 3376 ει
95 3312 276 3375 adlaborent.
298 3309 377 3390 Ergo
398 3317 503 3374 curant
522 3310 563 3385 iu,
583 3309 719 3389 quodd
680 3289 851 3372 adboffirm
869 3307 997 3372 nominis
1017 3315 1047 3371 et
1065 3307 1214 3370 societatis

40 3410 244 3488 maximopere
260 3410 393 3488 pertinet
408 3407 499 3488 quue
514 3423 617 3472 verum
629 3416 686 3482 εει
697 3406 815 3470 etiamsi
828 3405 920 3468 vitam
934 3405 1050 3470 omniuo
1065 3405 1213 3483 privatam

42 3509 163 3586 degant,
184 3523 273 3587 seque
294 3509 323 3570 in
344 3507 405 3572 sola
428 3505 672 3585 contemplatione
693 3505 755 3568 veri
776 3513 807 3568 et
826 3519 927 3566 amore
948 3503 1016 3567 boni
1036 3502 1212 3566 contineant.

40 3603 125 3669 Nam
145 3607 194 3684 qui
216 3621 248 3668 se
268 3607 394 3684 perficit,
415 3607 575 3668 numanam
596 3611 732 3667 naturam
747 3611 778 3664 ει
799 3602 970 3664 societatem
991 3599 1132 3663 indirecte
1147 3613 1215 3676 por·

39 3703 225 3780 licinanius
247 3712 326 3767 certe
345 3711 392 3766 est
413 3717 492 3782 pars.

84 3801 128 3866 At
147 3802 272 3866 aliorum
293 3803 382 3866 etiam
403 3801 571 3876 utilitatem,
585 3800 623 3863 ad
645 3814 741 3862 mores
754 3797 833 3878 quod
855 3802 1096 3875 spontaneorum
1117 3793 1213 3857 virtus

37 3917 146 3968 revera
167 3910 317 3982 procurat.
338 3900 379 3966 Hi
400 3900 477 3964 enim
498 3899 633 3963 homines
647 3897 780 3975 exemplo
802 3894 907 3958 saltem
929 3906 1103 3971 magnopere
1117 3893 1214 3956 coule-

37 4011 114 4067 ruut
134 4003 172 4064 ad
186 4010 298 4066 ceteros
312 4001 446 4065 homines
460 4015 549 4078 supra
565 4011 685 4060 sensum
699 3993 878 4067 evehendos;
895 3999 958 4053 tum
975 3990 1050 4085 quia
1061 3997 1215 4078 magstru-

35 4101 129 4167 tioris
149 4100 217 4184 bopi
238 4115 367 4163 amorem
389 4099 419 4162 in
441 4097 560 4168 animis
563 4093 712 4171 caenam
731 4099 796 4182 tum
817 4089 887 4177 quain
908 4071 1091 4150 dominatum
1107 4087 1213 4153 mentis

36 4170 518 4290 ramumstffgr'iiiioi‘s'uad'mt.
530 4191 655 4266 Quod
631 4208 656 4253 ει
660 4173 795 4268 ‚praeter
808 4174 990 4264 exemplum3
1004 4199 1107 4248 curam
1122 4185 1213 4248 etiam

33 4283 164 4364 iuvandi
179 4297 252 4361 alios
272 4304 302 4360 ct
322 4292 466 4359 educandi
486 4291 659 4370 adiungunt
680 4286 787 4352 mirum
809 4284 839 4347 in
860 4282 980 4350 modum
1001 4282 1135 4364 augescit
1154 4280 1215 4344 uti·
