3159 4934
412 397 497 441 aaran
513 398 538 441 n.
559 401 593 442 un
611 397 750 444 socrurara
769 401 850 443 ervum
1163 391 1218 447 959

88 511 229 578 instabit:
251 510 360 575 Saltem
375 512 507 576 doctrina
522 509 651 578 Suaresii
665 515 803 578 dissentit
823 517 861 577 ab
875 532 919 592 ea,
934 519 1052 594 quaein
1067 519 1125 580 boc
1138 517 1216 581 libro

39 610 194 688 explicata
217 620 270 672 est.

88 706 125 772 R.
148 706 274 770 Etiamsi
294 708 324 770 id
346 707 479 772 absolute
500 709 630 784 daretur,
645 709 715 790 quid
738 710 868 789 legitime
884 712 981 775 iuierri
998 714 1113 791 posset?
1129 713 1215 780 Certe

42 808 77 869 in
100 807 336 885 philosophando
356 808 524 870 auctoritati
551 808 626 871 ratio
647 809 845 886 anteponenda
870 817 925 872 est.
947 809 1083 874 Ceterum
1105 813 1217 880 discre-

44 907 147 985 pantia
161 907 236 968 iuter
250 921 302 969 nos
315 913 346 968 et
360 903 531 969 Suaresium
547 921 602 968 non
616 915 662 969 est
676 914 767 980 tanta,
781 914 922 985 quantam
936 908 1062 970 lormme
1075 909 1215 973 abiiciens

45 1006 194 1082 opinatur.
211 1001 288 1067 Nam
310 1004 339 1065 in
361 1003 465 1082 primis
487 1017 555 1066 cum
569 1000 707 1067 Suarosio
722 1003 807 1081 plane
820 1005 1018 1067 consentimus
1035 1007 1133 1084 quoad
1148 1007 1215 1071 reii-

42 1102 185 1164 ciendum
208 1109 328 1180 pactum
349 1101 466 1175 sociale,
486 1101 515 1163 in
538 1115 624 1163 seusu
646 1099 828 1165 aRousseau
845 1101 969 1180 aliisque
983 1104 1214 1180 protestantibus

40 1200 210 1262 adstructo.
225 1197 337 1262 Deinde
351 1199 552 1262 consentimus
566 1199 655 1262 etiam
671 1199 767 1278 quoad
783 1199 925 1276 originem
939 1201 1126 1276 potestatisa
1142 1200 1213 1279 Deo,

44 1306 198 1376 tamquam
218 1299 256 1360 ab
275 1304 395 1360 auctore
416 1304 553 1369 naturam
577 1304 607 1358 et
627 1311 728 1358 recens
750 1305 947 1359 commentum
965 1295 1102 1375 plebeiae
1120 1299 1216 1362 maie·

37 1395 141 1458 statis
163 1395 195 1474 pl
217 1394 321 1473 popolo
342 1392 477 1473 suvrana)
499 1394 576 1456 iuter
599 1393 713 1456 tabulas
734 1393 936 1456 amandemus.
954 1392 1093 1470 Tantum,
1114 1396 1150 1459 de
1165 1412 1215 1474 po

39 1493 163 1556 testatis
185 1493 426 1556 determinatione
447 1493 544 1570 quoad
566 1492 745 1569 particulare
765 1491 942 1565 subiectum,
963 1492 1215 1574 aliquandiuque

34 1593 208 1654 differentia
229 1599 288 1664 est3
310 1605 386 1668 quae
408 1590 433 1652 si
454 1606 511 1653 non
532 1590 649 1667 penitus
670 1589 757 1665 demi,
775 1588 879 1652 saltem
901 1590 939 1651 ad
956 1591 1093 1653 minimos
1113 1593 1215 1654 termi-

38 1705 93 1752 nos
117 1689 217 1753 reduci
241 1696 347 1766 potest.
364 1685 441 1751 Nam
462 1704 499 1750 ex
521 1703 576 1749 una
601 1695 683 1764 parte
699 1703 751 1751 uos
772 1687 908 1760 latemur,
923 1687 1080 1765 aliquando
1101 1689 1214 1752 contiu-

34 1804 109 1868 gere
133 1804 220 1866 posse
235 1797 268 1849 ut
283 1789 449 1851 subiectum
464 1787 651 1850 auctoritatis
666 1786 877 1849 determinetur
891 1803 927 1850 ex
945 1787 1038 1850 libero
1054 1803 1213 1863 consensu;

34 1903 110 1949 cum
140 1886 275 1949 videlicet
296 1903 367 1948 casu
395 1885 498 1963 aliquo
522 1883 651 1946 familiae
679 1883 724 1946 uel
753 1885 886 1947 bomines
915 1885 1058 1948 individui
1081 1888 1163 1950 iuter
1183 1903 1214 1950 se

36 1986 161 2049 omnino
182 1986 408 2063 independentes
428 1990 458 2046 et
479 1991 563 2051 antea
584 1982 665 2046 nullo
680 1984 829 2046 communi
851 1983 968 2047 vinculo
987 1985 1062 2047 iuris
1079 1985 1213 2049 adstricti

35 2086 68 2148 in
90 2085 265 2146 societatem
282 2091 385 2161 sponte
402 2082 586 2145 conveniunt.
604 2079 648 2144 liu
669 2081 725 2142 alia
741 2098 810 2145 uero
827 2091 908 2159 parte
923 2083 1032 2146 Suarez
1046 2085 1131 2148 nobis
1146 2100 1215 2147 coo-

38 2184 125 2246 cedit
144 2181 301 2260 aliquando
314 2182 479 2243 subiectum
495 2181 551 2243 hoc
566 2180 754 2242 determinari
768 2196 805 2242 ex
820 2181 884 2243 iure
898 2180 997 2262 aliquo
1017 2181 1212 2260 praevalente

37 2280 190 2359 siquidem
213 2279 345 2358 agnoscit
359 2277 478 2341 iustam
493 2276 701 2357 titulumque
717 2279 843 2341 societas
856 2281 1033 2358 quandoque
1050 2297 1105 2344 uon
1120 2281 1212 2345 libera

36 2379 190 2442 uoluntate
219 2378 269 2440 sed
291 2391 327 2439 ex
355 2377 451 2439 officio
474 2379 614 2438 teneatur
634 2393 748 2455 parere
773 2377 996 2440 el-coasentt're
1022 2377 1211 2446 subiectioni.

39 2475 88 2539 Ad
111 2475 181 2552 quid
204 2476 295 2553 igitur
316 2474 457 2537 dissensio
479 2482 576 2536 nostra
600 2474 772 2537 reducitur?
796 2473 842 2536 ad
870 2476 926 2538 boc
947 2476 1211 2563 dumtaxatpquod

40 2589 77 2635 ex
98 2573 216 2636 duobus
237 2573 393 2650 capitibus
414 2571 522 2649 quibus
549 2570 738 2634 determinari
759 2572 927 2633 subiectum
952 2574 1139 2654 auctoritatis
1160 2590 1214 2651 po-

40 2681 113 2746 test,
136 2671 275 2734 nimirum
298 2671 365 2731 iare
378 2668 581 2750 praevalente
595 2679 623 2732 et
639 2667 731 2732 libero
746 2687 907 2745 consensa,
923 2685 977 2732 nos
996 2679 1134 2748 putemus
1152 2672 1211 2749 pri-

40 2783 126 2832 mum
148 2784 213 2830 esse
222 2787 282 2847 per
294 2787 335 2842 se,
356 2768 519 2830 secuudum
531 2783 588 2844 per
603 2765 752 2842 accidens,
770 2765 879 2830 Suarez
893 2769 1041 2830 uiccvetsa
1054 2768 1211 2831 existimat

38 2867 201 2930 secuudum
231 2867 398 2945 contingere
424 2865 552 2927 naturali
578 2879 676 2943 cursu,
707 2865 834 2943 primum
863 2866 892 2927 vi
920 2865 1210 2928 circumstantiarum

32 2965 242 3044 quarumdam.

75 3060 162 3136 Quae
176 3061 274 3139 opinio
292 3061 522 3138 praeclarissimi
538 3061 592 3124 viri
615 3061 684 3122 inde
706 3061 856 3138 processit,
877 3062 955 3141 quod
971 3062 1095 3140 gradum
1107 3063 1210 3138 iecerit

33 3173 70 3222 eu
91 3157 203 3221 ordine
223 3156 378 3222 abstracto
407 3160 445 3220 ad
473 3162 664 3246 concretum·
687 3159 769 3220 nulla
799 3161 900 3222 babila
922 3160 1034 3223 ratione
1053 3162 1210 3234 laetorum,

34 3271 113 3334 quae
135 3257 173 3318 ad
194 3257 241 3318 ius
256 3257 509 3320 determinandum
533 3257 726 3320 intercedunt.
743 3253 820 3319 Nam
841 3273 877 3319 ex
891 3273 926 3320 co
939 3258 1017 3336 quod
1039 3260 1164 3321 societas
1179 3259 1207 3319 in
1240 3258 1242 3261 ’

37 3370 92 3417 sua
115 3354 333 3417 idealinotione
355 3354 428 3416 dicit
448 3354 666 3417 multitudinem
682 3362 710 3416 et
732 3355 938 3418 auctoritatem
955 3366 1103 3433 tanlquam
1120 3357 1164 3417 ius
1178 3357 1208 3416 in

33 3466 68 3513 ca
79 3453 303 3514 indeterminate
316 3454 471 3524 exsistens,
486 3453 549 3514 sine
563 3451 622 3514 ulla
635 3453 836 3531 designatione
850 3454 989 3526 subiecti;
1004 3454 1118 3530 putavit
1129 3453 1207 3514 idem

36 3549 183 3623 accidere,
198 3565 267 3611 cum
289 3557 446 3626 conceptus
467 3548 516 3611 ille
539 3549 702 3615 realitatem
724 3550 821 3612 induit
842 3551 870 3612 in
892 3560 1037 3614 concreto.
1053 3549 1137 3623 Quod
1151 3566 1206 3612 uon

32 3654 83 3707 est
94 3647 145 3708 ita.
160 3644 237 3710 Nam
252 3647 348 3710 ciuilis
363 3648 501 3722 societas,
516 3656 549 3708 ut
566 3648 705 3725 diximus,
720 3664 776 3711 uon
791 3649 928 3711 continuo
939 3665 975 3709 ex
990 3650 1106 3726 regione
1120 3648 1206 3710 ideali

35 3744 187 3806 descendit
201 3746 230 3806 in
247 3753 353 3818 terras;
370 3745 420 3806 sed
439 3745 582 3822 paulatim
601 3747 763 3809 succrescit
784 3761 923 3824 processu
937 3754 1059 3807 naturae
1072 3761 1109 3808 eu
1124 3761 1211 3823 prae·

32 3843 151 3906 cedenti
171 3846 319 3916 societate,
339 3844 369 3904 in
391 3859 450 3920 qua
465 3859 583 3920 semper
598 3844 683 3907 adest
696 3844 744 3905 ius
758 3843 913 3906 ordinandi
935 3842 1163 3916 multitudinem,
1177 3844 1208 3904 in

35 3940 177 4018 peculiari
199 3941 297 4019 aliquo
319 3941 451 4004 subiecto
472 3942 613 4004 residens.
629 3940 669 4004 Et
684 3957 753 4003 saue
767 3955 919 4002 sumamus
936 3940 1112 4020 exemplum,
1128 3943 1205 4018 quod

35 4035 143 4101 Suarez
171 4030 234 4116 ipse
262 4039 370 4115 profert
398 4039 519 4101 adrem
548 4038 762 4116 explicandam.
785 4037 837 4101 Ait
865 4039 955 4100 enim:
985 4059 1003 4094 e
1020 4035 1078 4100 Hic
1105 4046 1205 4100 autern

34 4151 190 4198 cousensus
206 4137 297 4199 variis
314 4137 410 4198 modis
431 4135 554 4212 intelligi
570 4144 674 4212 potest.
691 4133 773 4199 Unus
793 4144 848 4209 est,
866 4145 898 4197 ut
914 4135 1055 4214 paulatim
1071 4143 1099 4198 et
1119 4139 1202 4214 quasi

34 4236 200 4297 successive
213 4236 309 4308 detur,
325 4244 410 4312 prout
422 4233 590 4296 sruceessive
602 4232 727 4310 populus
743 4243 882 4310 augetur:
895 4243 925 4295 ut
938 4249 983 4295 ex.
996 4251 1039 4312 gr,
1052 4234 1081 4295 in
1094 4234 1203 4295 familia

37 4330 120 4395 Adae
142 4332 186 4396 vel
209 4334 356 4411 Abrabae,
378 4340 430 4395 aut
451 4333 509 4394 alio
533 4330 630 4394 simili.
653 4328 685 4393 lu
708 4331 850 4410 principio
873 4332 1063 4395 obediebatur
1089 4332 1205 4394 Adamu
