3159 4934
254 352 339 395 cucur
355 352 389 393 ur.
409 353 444 394 ns
461 351 601 395 socierum
619 351 764 407 nmrcrost,
783 353 895 396 muruuu
913 353 1036 395 accensu
1176 339 1226 397 331

104 461 217 527 Verum
232 463 393 542 propositio
406 463 469 538 illa,
485 464 514 526 in
528 463 759 529 consideratione
771 461 906 527 relatiua
920 471 965 527 est
978 479 1097 538 manca3
1111 464 1140 525 in
1161 480 1230 528 con·

62 561 241 624 sideratione
261 558 405 625 absoluto
417 570 463 623 est
479 576 598 639 prorsus
617 562 700 624 falsa.
716 559 793 624 Nam
814 560 944 625 relative
964 562 1008 625 sic
1026 559 1160 625 Ecclesia
1182 572 1228 625 est

63 661 93 721 in
115 657 211 731 Statu,
234 666 267 721 ut
286 660 375 721 etiam
397 656 500 721 Status
521 660 560 721 sit
580 660 611 721 in
625 657 770 723 Ecclesia.
785 657 918 722 Ecclesia
939 660 1015 721 enim
1037 666 1083 721 est
1098 660 1126 719 in
1144 656 1229 722 Statu

63 755 163 834 quoad
182 758 297 835 negotiu
319 757 502 835 temporalia,
521 772 597 835 quac
610 756 726 835 legibus
739 756 877 820 civilibus
893 762 1109 833 temperantur,
1127 764 1230 817 contra

64 852 169 919 Status
178 862 223 917 cst
233 856 262 917 iu
277 852 412 919 Ecclesia
427 857 524 935 quoad
538 856 654 935 negotia
668 855 845 933 spiritualia,
858 872 935 935 quae
949 856 1065 933 legibus
1078 852 1230 917 Ecclesiae

64 952 269 1015 subiiciuutur.
286 953 328 1016 Αι
349 955 378 1016 in
399 970 488 1016 sensu
510 951 660 1029 absoluto,
681 952 783 1017 Status
803 969 872 1017 csse
892 954 922 1016 in
943 950 1087 1026 Ecclesia,
1102 968 1158 1015 uon
1173 949 1232 1016 Ec·

64 1049 156 1112 clesia
173 1066 236 1113 esse
256 1052 284 1113 in
300 1050 386 1115 Statu
401 1052 524 1115 dicenda
540 1058 595 1114 est.
610 1050 743 1115 Ecclesia
757 1052 834 1114 euim
850 1050 984 1115 altiorem
1000 1050 1231 1129 amplioremque

66 1150 156 1211 linem
177 1149 308 1227 respicit,
322 1158 353 1213 et
366 1151 462 1230 magis
475 1151 653 1227 extenditur,
673 1165 763 1228 quam
785 1146 902 1222 Status3
917 1150 1061 1228 siquidem
1077 1157 1170 1212 totum
1185 1166 1233 1213 or·

67 1247 135 1308 hem
150 1246 365 1323 complectitur,
385 1255 416 1310 et
435 1248 575 1311 adfinem
591 1263 762 1325 supremum
783 1253 871 1325 atque
893 1247 1087 1309 universalem
1105 1246 1232 1309 hominis

65 1343 169 1421 dirigit
189 1345 303 1407 actione
322 1362 384 1407 sue.
407 1344 539 1409 lamvero
559 1344 628 1407 nnis
651 1345 770 1408 interior
794 1346 890 1408 altiori
917 1344 1027 1421 subest,
1053 1353 1084 1407 et
1107 1346 1232 1408 societas

65 1441 174 1504 arctior
195 1442 234 1503 ah
253 1442 395 1519 ampliore
415 1442 683 1521 comprehenditur.

103 1536 168 1601 Nee
191 1539 339 1603 veredici
368 1548 466 1620 potest
487 1538 620 1603 Ecclesia
642 1541 734 1604 dividi
755 1541 784 1603 in
810 1541 943 1604 diversas
963 1539 1123 1617 Ecclesias,
1147 1550 1234 1618 prout

66 1636 194 1700 societas
214 1636 313 1699 civilis
332 1638 361 1699 in
376 1638 511 1701 diversos
525 1637 626 1702 Status
640 1638 825 1716 dispescitur.
841 1638 918 1703 Nam
932 1638 1067 1701 Ecclesia
1088 1638 1233 1701 maximae

67 1737 282 1800 universalitati
297 1738 455 1800 maximam
471 1739 560 1800 etiem
577 1738 717 1801 unitatem
732 1738 883 1816 adiungit3
897 1746 926 1801 et
940 1738 1042 1801 eudem
1057 1737 1174 1799 omnino
1187 1742 1234 1799 est

66 1836 98 1898 iu
113 1835 238 1914 singulis
252 1835 431 1915 regionibus,
446 1835 496 1898 ubl
511 1836 606 1913 viget:
621 1831 695 1898 Fer
708 1854 808 1897 uuum
819 1834 898 1899 ovile
911 1838 941 1897 ct
953 1851 1038 1897 unus
1052 1831 1171 1897 Pastor
1183 1832 1234 1912 (l).

66 1929 142 1995 Tum
163 1932 253 1995 etiam
283 1933 402 2010 minime
424 1934 611 2012 cogitandum
632 1940 677 1995 est
697 1930 864 1996 Ecclesiam
888 1932 977 1997 veluti
1000 1934 1029 1995 in
1053 1931 1169 1996 Statum
1191 1933 1236 1993 in-

67 2030 162 2108 gredi,
183 2044 251 2091 curn
274 2032 371 2107 potius
397 2028 498 2094 Status
522 2046 623 2093 omnes
644 2032 674 2094 in
701 2028 867 2094 Ecclesiam
892 2031 1103 2109 ingredientur.
1128 2029 1235 2093 Exstat
1319 2080 1322 2086 .

67 2130 144 2190 enim
165 2128 348 2192 institutione
370 2129 468 2192 diviua
483 2130 556 2191 haec
577 2144 683 2208 magna
699 2130 825 2193 societas
848 2129 1019 2205 spiritualis,
1039 2144 1114 2207 quac
1135 2142 1236 2191 omncs

67 2233 171 2303 gentes
192 2226 298 2289 invitat
319 2235 408 2305 etque
428 2226 465 2287 ad
487 2242 518 2288 se
538 2232 642 2300 vocat3
663 2235 764 2305 gentes
785 2242 866 2300 vero,
881 2242 948 2291 cum
964 2228 1006 2290 illi
1030 2228 1175 2293 vocationi
1191 2243 1237 2289 re·

69 2324 223 2402 spondent,
243 2323 274 2387 in
295 2326 390 2402 ipsam
411 2325 532 2402 intrant,
554 2334 587 2387 ut
607 2326 728 2387 llumiua
750 2325 860 2387 intrant
881 2326 911 2386 in
932 2340 1021 2387 marc.

112 2419 206 2485 oeteo.
228 2420 265 2486 Il.
287 2419 318 2485 Si
340 2420 473 2485 Ecclesia
498 2422 576 2486 nullo
598 2423 682 2485 modo
704 2422 843 2485 subditur
864 2422 997 2486 societati
1019 2421 1164 2500 politicae,
1184 2421 1236 2483 sed

69 2520 168 2597 potius
190 2520 355 2595 viceverse;
370 2528 490 2582 externa
505 2527 648 2598 potestas,
662 2521 801 2583 nimirum
817 2519 948 2583 Pontifex
965 2518 1126 2593 Romenus,
1141 2520 1170 2580 iu
1185 2536 1237 2581 na·
1341 2586 1344 2591 ,

70 2617 179 2681 tionem
194 2619 270 2680 hanc
293 2617 337 2679 vel
357 2617 439 2680 illam
453 2618 610 2695 imperium
625 2619 780 2681 exercebit.
795 2618 829 2681 ld
844 2634 913 2682 vcro
928 2618 1033 2681 rationi
1053 2618 1236 2696 adversetur,

68 2723 98 2778 ct
118 2714 235 2777 civilem
257 2715 509 2793 independentiam
531 2716 668 2779 destruit.
690 2713 769 2794 Ergo
790 2724 847 2779 etc.

112 2810 149 2875 R.
166 2808 255 2891 Nepo
268 2812 424 2875 maiorem.
437 2810 514 2875 Nem
530 2821 661 2890 potestas
675 2815 805 2891 supremi
817 2812 969 2877 Pontificis
983 2813 1091 2876 nemini
1107 2813 1237 2876 ridellum

69 2919 191 2974 externa
212 2919 268 2985 est,
289 2910 341 2974 scd
362 2911 489 2973 maxime
503 2912 625 2974 interne.
641 2910 774 2974 Pontilex
788 2912 865 3000 eninr
881 2920 927 2975 est
942 2909 1047 2975 Pastor
1063 2911 1239 2974 universalis

69 3010 169 3088 gregis
190 3005 302 3071 Christi
316 3015 345 3071 ct
366 3023 433 3071 vere
448 3006 589 3087 Princeps
608 3009 783 3087 spiritualis,
805 3010 854 3072 cui
875 3025 984 3083 omnes,
1005 3009 1057 3088 qui
1078 3010 1239 3073 christiano

71 3107 187 3170 nominc
201 3106 375 3185 gloriantur,
389 3106 514 3170 subiecti
528 3115 605 3169 sunt.
620 3104 695 3170 Eius
709 3107 829 3184 prolude
850 3108 1013 3170 auctoritas
1027 3107 1151 3186 singulis
1167 3107 1238 3170 fide·

69 3203 149 3267 libus
168 3204 265 3282 magis
280 3204 393 3266 interna
413 3211 468 3279 est,
488 3219 578 3282 quam
594 3211 725 3282 potestas
746 3204 860 3278 citilis3
876 3204 1018 3282 siquidem
1034 3204 1072 3266 ad
1087 3206 1235 3267 hominem

69 3302 167 3380 magis
188 3301 306 3363 animus
327 3302 566 3380 perhumanum
585 3316 702 3379 corpus,
715 3317 751 3364 ec
766 3302 861 3379 magis
875 3302 995 3365 interest
1010 3310 1126 3364 aeterna
1142 3302 1233 3375 salus,

69 3415 159 3480 quam
180 3399 308 3462 felicitas
331 3399 517 3476 temporarie.
531 3396 615 3462 Unde
628 3400 655 3461 si
671 3398 772 3463 Status
786 3398 897 3477 aliquis
911 3400 1048 3477 politicus
1063 3405 1238 3476 potestatem
1296 3470 1298 3475 ,

69 3495 223 3561 Pontidcls
245 3498 301 3560 sibi
322 3505 473 3560 externam
494 3496 633 3575 appellat,
647 3498 704 3560 hoc
725 3497 790 3573 ipso
812 3512 843 3559 se
864 3498 903 3559 ab
917 3495 1049 3559 Ecclesia
1072 3494 1237 3558 seiunctum

68 3606 137 3660 esse
156 3596 275 3674 latetur,
295 3606 384 3673 atquc
405 3596 480 3657 inter
500 3610 571 3658 oves
591 3592 704 3656 Christi
727 3595 847 3657 minime
868 3594 1064 3671 adnumerari.

117 3690 209 3757 otte.
230 3692 280 3758 lll.
303 3691 464 3757 Concordia
488 3700 519 3755 et
540 3693 744 3755 subordinatis
768 3693 918 3755 societatis
944 3692 1079 3770 politicae
1104 3698 1240 3769 respectu

68 3790 234 3865 Ecclesiae,
255 3792 394 3870 supponit
407 3806 507 3853 omnes
530 3790 619 3863 cives,
633 3790 678 3852 vel
693 3788 873 3879 saltemllere
887 3804 998 3869 omues,
1017 3788 1180 3852 catholicae
1195 3806 1241 3853 rc·

68 3891 170 3972 ligioni
190 3891 359 3954 adhaerere.
379 3887 414 3953 Id
435 3906 504 3953 vero
524 3891 698 3969 quandoque
720 3905 775 3951 non
791 3890 909 3952 accidit.
925 3886 1008 3951 Tunc
1021 3904 1077 3951 non
1092 3887 1172 3951 aliud
1188 3906 1240 3952 su·

69 3996 179 4067 perest
199 3988 257 4051 nisi
270 3995 305 4050 ut
317 3986 452 4051 Ecclesia
467 3999 618 4066 separetur
639 4004 656 4049 a
672 3985 758 4050 Statu
773 3987 901 4065 politico,
916 3994 945 4049 ct
960 3987 1092 4051 cultuum
1113 3986 1238 4051 libertas

71 4086 260 4151 coucedatur.

119 4298 155 4360 (l)
172 4298 243 4346 loru.
259 4298 291 4358 X,
307 4297 344 4347 16.
