<?xml version="1.0" encoding="UTF-8"?>
<!DOCTYPE html PUBLIC "-//W3C//DTD XHTML 1.0 Transitional//EN"
    "http://www.w3.org/TR/xhtml1/DTD/xhtml1-transitional.dtd">
<html xmlns="http://www.w3.org/1999/xhtml" xml:lang="en" lang="en">
 <head>
  <title>
</title>
<meta http-equiv="Content-Type" content="text/html;charset=utf-8" />
  <meta name='ocr-system' content='tesseract 3.04.00' />
  <meta name='ocr-capabilities' content='ocr_page ocr_carea ocr_par ocr_line ocrx_word'/>
</head>
<body>
  <div class='ocr_page' id='page_1' title='image "./institutioneset00libegoog_0159.png"; bbox 0 0 3159 4934; ppageno 0'>
   <div class='ocr_carea' id='block_1_1' title="bbox 349 325 1214 379">
    <p class='ocr_par' dir='ltr' id='par_1_1' title="bbox 349 325 1214 379">
     <span class='ocr_line' id='line_1_1' title="bbox 349 325 1214 379; baseline -0.006 -1"><span class='ocrx_word' id='word_1_1' title='bbox 349 325 400 379; x_wconf 73' lang='lat' dir='ltr'><strong>tet</strong></span> <span class='ocrx_word' id='word_1_2' title='bbox 640 336 681 378; x_wconf 89' lang='lat' dir='ltr'><strong>rus</strong></span> <span class='ocrx_word' id='word_1_3' title='bbox 698 334 823 379; x_wconf 75' lang='lat' dir='ltr'><strong>macunen</strong></span> <span class='ocrx_word' id='word_1_4' title='bbox 841 352 850 363; x_wconf 88' lang='lat'><em>-</em></span> <span class='ocrx_word' id='word_1_5' title='bbox 868 335 936 377; x_wconf 79' lang='lat' dir='ltr'><strong>eans</strong></span> <span class='ocrx_word' id='word_1_6' title='bbox 954 332 971 374; x_wconf 87' lang='lat'><strong>1.</strong></span> <span class='ocrx_word' id='word_1_7' title='bbox 984 336 1027 376; x_wconf 87' lang='lat' dir='ltr'><strong>rus</strong></span> <span class='ocrx_word' id='word_1_8' title='bbox 1043 327 1214 377; x_wconf 79' lang='lat' dir='ltr'><strong>tuorumntun</strong></span> 
     </span>
    </p>
   </div>
   <div class='ocr_carea' id='block_1_2' title="bbox 347 437 1487 1693">
    <p class='ocr_par' dir='ltr' id='par_1_2' title="bbox 347 437 1487 1693">
     <span class='ocr_line' id='line_1_2' title="bbox 386 437 1484 532; baseline -0.005 -23"><span class='ocrx_word' id='word_1_9' title='bbox 386 446 434 511; x_wconf 71' lang='lat'><strong>52.</strong></span> <span class='ocrx_word' id='word_1_10' title='bbox 450 445 523 529; x_wconf 82' lang='lat' dir='ltr'><strong>puto</strong></span> <span class='ocrx_word' id='word_1_11' title='bbox 538 437 711 532; x_wconf 84' lang='lat' dir='ltr'><strong>importent.</strong></span> <span class='ocrx_word' id='word_1_12' title='bbox 733 442 764 511; x_wconf 90' lang='lat' dir='ltr'><strong>ln</strong></span> <span class='ocrx_word' id='word_1_13' title='bbox 780 447 883 525; x_wconf 90' lang='lat' dir='ltr'><strong>primis</strong></span> <span class='ocrx_word' id='word_1_14' title='bbox 896 462 1014 509; x_wconf 91' lang='lat' dir='ltr'><strong>necesse</strong></span> <span class='ocrx_word' id='word_1_15' title='bbox 1026 453 1074 509; x_wconf 89' lang='lat' dir='ltr'><strong>est</strong></span> <span class='ocrx_word' id='word_1_16' title='bbox 1087 453 1121 507; x_wconf 95' lang='lat' dir='ltr'><strong>ut</strong></span> <span class='ocrx_word' id='word_1_17' title='bbox 1135 444 1224 507; x_wconf 91' lang='lat' dir='ltr'><strong>homo</strong></span> <span class='ocrx_word' id='word_1_18' title='bbox 1239 444 1336 517; x_wconf 87' lang='lat' dir='ltr'><strong>vitam,</strong></span> <span class='ocrx_word' id='word_1_19' title='bbox 1349 442 1484 520; x_wconf 83' lang='lat' dir='ltr'><strong>integrita-</strong></span> 
     </span>
     <span class='ocr_line' id='line_1_3' title="bbox 348 525 1484 637; baseline -0.006 -28"><span class='ocrx_word' id='word_1_20' title='bbox 348 554 417 627; x_wconf 79' lang='lat' dir='ltr'><strong>tem,</strong></span> <span class='ocrx_word' id='word_1_21' title='bbox 429 548 623 637; x_wconf 75' lang='lat' dir='ltr'><strong>valetudinem</strong></span> <span class='ocrx_word' id='word_1_22' title='bbox 638 549 683 610; x_wconf 92' lang='lat' dir='ltr'><strong>sni</strong></span> <span class='ocrx_word' id='word_1_23' title='bbox 693 548 825 625; x_wconf 88' lang='lat' dir='ltr'><strong>corporis</strong></span> <span class='ocrx_word' id='word_1_24' title='bbox 839 554 967 622; x_wconf 90' lang='lat' dir='ltr'><strong>tueatur,</strong></span> <span class='ocrx_word' id='word_1_25' title='bbox 976 546 1060 622; x_wconf 84' lang='lat' dir='ltr'><strong>eique</strong></span> <span class='ocrx_word' id='word_1_26' title='bbox 1073 543 1160 608; x_wconf 86' lang='lat' dir='ltr'><strong>noxia</strong></span> <span class='ocrx_word' id='word_1_27' title='bbox 1175 544 1213 606; x_wconf 92' lang='lat' dir='ltr'><strong>ad</strong></span> <span class='ocrx_word' id='word_1_28' title='bbox 1225 525 1344 605; x_wconf 52' lang='lat' dir='ltr'><strong>rationis</strong></span> <span class='ocrx_word' id='word_1_29' title='bbox 1358 540 1484 619; x_wconf 80' lang='lat' dir='ltr'><strong>praescii·</strong></span> 
     </span>
     <span class='ocr_line' id='line_1_4' title="bbox 347 638 1485 723; baseline -0.007 -16"><span class='ocrx_word' id='word_1_30' title='bbox 347 651 430 723; x_wconf 89' lang='lat' dir='ltr'><strong>ptum</strong></span> <span class='ocrx_word' id='word_1_31' title='bbox 444 646 576 723; x_wconf 81' lang='lat' dir='ltr'><strong>effugiat,</strong></span> <span class='ocrx_word' id='word_1_32' title='bbox 589 655 620 709; x_wconf 91' lang='lat' dir='ltr'><strong>et</strong></span> <span class='ocrx_word' id='word_1_33' title='bbox 633 662 667 707; x_wconf 92' lang='lat' dir='ltr'><strong>ea</strong></span> <span class='ocrx_word' id='word_1_34' title='bbox 682 645 813 707; x_wconf 89' lang='lat' dir='ltr'><strong>vicissim</strong></span> <span class='ocrx_word' id='word_1_35' title='bbox 827 652 986 722; x_wconf 92' lang='lat' dir='ltr'><strong>comparet,</strong></span> <span class='ocrx_word' id='word_1_36' title='bbox 1000 658 1075 721; x_wconf 88' lang='lat' dir='ltr'><strong>qnae</strong></span> <span class='ocrx_word' id='word_1_37' title='bbox 1088 642 1126 705; x_wconf 87' lang='lat' dir='ltr'><strong>ad</strong></span> <span class='ocrx_word' id='word_1_38' title='bbox 1140 641 1216 703; x_wconf 84' lang='lat' dir='ltr'><strong>vires</strong></span> <span class='ocrx_word' id='word_1_39' title='bbox 1238 641 1301 703; x_wconf 89' lang='lat' dir='ltr'><strong>eins</strong></span> <span class='ocrx_word' id='word_1_40' title='bbox 1322 638 1485 711; x_wconf 85' lang='lat' dir='ltr'><strong>reficiendas,</strong></span> 
     </span>
     <span class='ocr_line' id='line_1_5' title="bbox 347 736 1485 822; baseline -0.007 -17"><span class='ocrx_word' id='word_1_41' title='bbox 347 744 573 817; x_wconf 73' lang='lat' dir='ltr'><strong>conservandas,</strong></span> <span class='ocrx_word' id='word_1_42' title='bbox 593 743 752 822; x_wconf 79' lang='lat' dir='ltr'><strong>augendas,</strong></span> <span class='ocrx_word' id='word_1_43' title='bbox 774 744 835 804; x_wconf 88' lang='lat' dir='ltr'><strong>sint</strong></span> <span class='ocrx_word' id='word_1_44' title='bbox 860 749 1063 805; x_wconf 88' lang='lat' dir='ltr'><strong>consentanea.</strong></span> <span class='ocrx_word' id='word_1_45' title='bbox 1085 736 1207 817; x_wconf 80' lang='lat' dir='ltr'><strong>Oportet</strong></span> <span class='ocrx_word' id='word_1_46' title='bbox 1236 739 1324 801; x_wconf 93' lang='lat' dir='ltr'><strong>etiam</strong></span> <span class='ocrx_word' id='word_1_47' title='bbox 1352 744 1383 799; x_wconf 89' lang='lat' dir='ltr'><strong>ut</strong></span> <span class='ocrx_word' id='word_1_48' title='bbox 1408 736 1485 798; x_wconf 84' lang='lat' dir='ltr'><strong>labori</strong></span> 
     </span>
     <span class='ocr_line' id='line_1_6' title="bbox 347 834 1484 919; baseline -0.005 -18"><span class='ocrx_word' id='word_1_49' title='bbox 347 841 446 917; x_wconf 91' lang='lat' dir='ltr'><strong>ipsum</strong></span> <span class='ocrx_word' id='word_1_50' title='bbox 465 841 595 915; x_wconf 87' lang='lat' dir='ltr'><strong>addicet,</strong></span> <span class='ocrx_word' id='word_1_51' title='bbox 610 857 645 903; x_wconf 92' lang='lat' dir='ltr'><strong>ne</strong></span> <span class='ocrx_word' id='word_1_52' title='bbox 658 842 717 905; x_wconf 92' lang='lat' dir='ltr'><strong>otio</strong></span> <span class='ocrx_word' id='word_1_53' title='bbox 731 840 877 914; x_wconf 89' lang='lat' dir='ltr'><strong>tabescat;</strong></span> <span class='ocrx_word' id='word_1_54' title='bbox 893 849 980 919; x_wconf 75' lang='lat' dir='ltr'><strong>atone</strong></span> <span class='ocrx_word' id='word_1_55' title='bbox 1000 839 1067 901; x_wconf 91' lang='lat' dir='ltr'><strong>inde</strong></span> <span class='ocrx_word' id='word_1_56' title='bbox 1087 838 1239 901; x_wconf 92' lang='lat' dir='ltr'><strong>commoda</strong></span> <span class='ocrx_word' id='word_1_57' title='bbox 1259 844 1289 900; x_wconf 90' lang='lat' dir='ltr'><strong>et</strong></span> <span class='ocrx_word' id='word_1_58' title='bbox 1309 842 1401 899; x_wconf 89' lang='lat' dir='ltr'><strong>cetem</strong></span> <span class='ocrx_word' id='word_1_59' title='bbox 1421 834 1484 897; x_wconf 85' lang='lat' dir='ltr'><strong>ritae</strong></span> 
     </span>
     <span class='ocr_line' id='line_1_7' title="bbox 347 934 1486 1021; baseline -0.01 -16"><span class='ocrx_word' id='word_1_60' title='bbox 347 942 502 1021; x_wconf 78' lang='lat' dir='ltr'>conquirat</span> <span class='ocrx_word' id='word_1_61' title='bbox 515 940 701 1004; x_wconf 91' lang='lat' dir='ltr'><strong>adminicula.</strong></span> <span class='ocrx_word' id='word_1_62' title='bbox 715 938 748 1005; x_wconf 87' lang='lat' dir='ltr'><strong>In</strong></span> <span class='ocrx_word' id='word_1_63' title='bbox 763 940 812 1003; x_wconf 88' lang='lat' dir='ltr'><strong>his</strong></span> <span class='ocrx_word' id='word_1_64' title='bbox 833 948 930 1001; x_wconf 92' lang='lat' dir='ltr'><strong>tamen</strong></span> <span class='ocrx_word' id='word_1_65' title='bbox 944 940 1048 1002; x_wconf 92' lang='lat' dir='ltr'><strong>modus</strong></span> <span class='ocrx_word' id='word_1_66' title='bbox 1069 938 1230 1001; x_wconf 88' lang='lat' dir='ltr'><strong>servandus</strong></span> <span class='ocrx_word' id='word_1_67' title='bbox 1243 944 1304 1009; x_wconf 72' lang='lat' dir='ltr'><strong>est,</strong></span> <span class='ocrx_word' id='word_1_68' title='bbox 1317 934 1486 1014; x_wconf 84' lang='lat' dir='ltr'><strong>quemadmo</strong></span> 
     </span>
     <span class='ocr_line' id='line_1_8' title="bbox 347 1032 1484 1117; baseline -0.012 -12"><span class='ocrx_word' id='word_1_69' title='bbox 347 1043 418 1105; x_wconf 90' lang='lat' dir='ltr'><strong>dnm</strong></span> <span class='ocrx_word' id='word_1_70' title='bbox 444 1042 555 1105; x_wconf 89' lang='lat' dir='ltr'><strong>servari</strong></span> <span class='ocrx_word' id='word_1_71' title='bbox 577 1042 664 1104; x_wconf 83' lang='lat' dir='ltr'><strong>debet</strong></span> <span class='ocrx_word' id='word_1_72' title='bbox 687 1040 716 1102; x_wconf 94' lang='lat' dir='ltr'><strong>in</strong></span> <span class='ocrx_word' id='word_1_73' title='bbox 741 1041 885 1114; x_wconf 85' lang='lat' dir='ltr'><strong>omnihus,</strong></span> <span class='ocrx_word' id='word_1_74' title='bbox 906 1048 981 1117; x_wconf 86' lang='lat' dir='ltr'><strong>quae</strong></span> <span class='ocrx_word' id='word_1_75' title='bbox 1008 1053 1063 1101; x_wconf 91' lang='lat' dir='ltr'><strong>nou</strong></span> <span class='ocrx_word' id='word_1_76' title='bbox 1091 1037 1158 1100; x_wconf 85' lang='lat' dir='ltr'><strong>finis</strong></span> <span class='ocrx_word' id='word_1_77' title='bbox 1184 1036 1235 1098; x_wconf 91' lang='lat' dir='ltr'><strong>sed</strong></span> <span class='ocrx_word' id='word_1_78' title='bbox 1258 1034 1344 1097; x_wconf 89' lang='lat' dir='ltr'><strong>medii</strong></span> <span class='ocrx_word' id='word_1_79' title='bbox 1364 1032 1484 1096; x_wconf 91' lang='lat' dir='ltr'><strong>rationem</strong></span> 
     </span>
     <span class='ocr_line' id='line_1_9' title="bbox 348 1130 1485 1215; baseline -0.014 -12"><span class='ocrx_word' id='word_1_80' title='bbox 348 1140 466 1203; x_wconf 85' lang='lat' dir='ltr'><strong>habent.</strong></span> <span class='ocrx_word' id='word_1_81' title='bbox 481 1136 522 1202; x_wconf 92' lang='lat' dir='ltr'><strong>Ut</strong></span> <span class='ocrx_word' id='word_1_82' title='bbox 536 1138 612 1199; x_wconf 92' lang='lat' dir='ltr'><strong>enim</strong></span> <span class='ocrx_word' id='word_1_83' title='bbox 627 1139 715 1201; x_wconf 90' lang='lat' dir='ltr'><strong>homo</strong></span> <span class='ocrx_word' id='word_1_84' title='bbox 736 1144 907 1215; x_wconf 87' lang='lat' dir='ltr'><strong>paupertate</strong></span> <span class='ocrx_word' id='word_1_85' title='bbox 928 1151 1047 1213; x_wconf 90' lang='lat' dir='ltr'><strong>pressus</strong></span> <span class='ocrx_word' id='word_1_86' title='bbox 1067 1133 1239 1199; x_wconf 83' lang='lat' dir='ltr'><strong>necessariis</strong></span> <span class='ocrx_word' id='word_1_87' title='bbox 1259 1138 1349 1208; x_wconf 89' lang='lat' dir='ltr'><strong>caret,</strong></span> <span class='ocrx_word' id='word_1_88' title='bbox 1363 1146 1411 1193; x_wconf 91' lang='lat' dir='ltr'><strong>nec</strong></span> <span class='ocrx_word' id='word_1_89' title='bbox 1423 1130 1485 1191; x_wconf 85' lang='lat' dir='ltr'><strong>ritae</strong></span> 
     </span>
     <span class='ocr_line' id='line_1_10' title="bbox 348 1229 1485 1313; baseline -0.011 -14"><span class='ocrx_word' id='word_1_90' title='bbox 348 1238 420 1299; x_wconf 91' lang='lat' dir='ltr'><strong>satis</strong></span> <span class='ocrx_word' id='word_1_91' title='bbox 449 1234 928 1313; x_wconf 84' lang='lat' dir='ltr'><strong>provioe1·epotest,immo,nisi</strong></span> <span class='ocrx_word' id='word_1_92' title='bbox 959 1234 1067 1295; x_wconf 89' lang='lat' dir='ltr'><strong>virtute</strong></span> <span class='ocrx_word' id='word_1_93' title='bbox 1094 1233 1224 1296; x_wconf 88' lang='lat' dir='ltr'><strong>animum</strong></span> <span class='ocrx_word' id='word_1_94' title='bbox 1252 1230 1336 1294; x_wconf 85' lang='lat' dir='ltr'><strong>vaide</strong></span> <span class='ocrx_word' id='word_1_95' title='bbox 1360 1229 1485 1300; x_wconf 80' lang='lat' dir='ltr'><strong>obfirmet</strong></span> 
     </span>
     <span class='ocr_line' id='line_1_11' title="bbox 348 1323 1484 1410; baseline -0.012 -13"><span class='ocrx_word' id='word_1_96' title='bbox 348 1334 531 1397; x_wconf 80' lang='lat' dir='ltr'><strong>occasionem</strong></span> <span class='ocrx_word' id='word_1_97' title='bbox 545 1333 649 1395; x_wconf 87' lang='lat' dir='ltr'><strong>exinde</strong></span> <span class='ocrx_word' id='word_1_98' title='bbox 671 1334 810 1410; x_wconf 90' lang='lat' dir='ltr'><strong>peccandi</strong></span> <span class='ocrx_word' id='word_1_99' title='bbox 824 1333 933 1409; x_wconf 84' lang='lat' dir='ltr'><strong>capiet;</strong></span> <span class='ocrx_word' id='word_1_100' title='bbox 948 1333 990 1394; x_wconf 92' lang='lat' dir='ltr'><strong>sic</strong></span> <span class='ocrx_word' id='word_1_101' title='bbox 1004 1332 1056 1410; x_wconf 86' lang='lat' dir='ltr'><strong>qni</strong></span> <span class='ocrx_word' id='word_1_102' title='bbox 1070 1330 1182 1394; x_wconf 86' lang='lat' dir='ltr'><strong>divitiis</strong></span> <span class='ocrx_word' id='word_1_103' title='bbox 1203 1328 1270 1406; x_wconf 92' lang='lat' dir='ltr'><strong>plus</strong></span> <span class='ocrx_word' id='word_1_104' title='bbox 1290 1341 1381 1403; x_wconf 83' lang='lat' dir='ltr'><strong>aequo</strong></span> <span class='ocrx_word' id='word_1_105' title='bbox 1399 1323 1484 1393; x_wconf 85' lang='lat' dir='ltr'><strong>affluit,</strong></span> 
     </span>
     <span class='ocr_line' id='line_1_12' title="bbox 349 1420 1485 1509; baseline -0.011 -13"><span class='ocrx_word' id='word_1_106' title='bbox 349 1433 510 1509; x_wconf 91' lang='lat' dir='ltr'><strong>periculum</strong></span> <span class='ocrx_word' id='word_1_107' title='bbox 525 1431 649 1494; x_wconf 79' lang='lat' dir='ltr'><strong>incurrit</strong></span> <span class='ocrx_word' id='word_1_108' title='bbox 669 1446 705 1493; x_wconf 95' lang='lat' dir='ltr'><strong>ne</strong></span> <span class='ocrx_word' id='word_1_109' title='bbox 725 1430 794 1492; x_wconf 89' lang='lat' dir='ltr'><strong>illae</strong></span> <span class='ocrx_word' id='word_1_110' title='bbox 813 1446 869 1493; x_wconf 91' lang='lat' dir='ltr'><strong>non</strong></span> <span class='ocrx_word' id='word_1_111' title='bbox 892 1440 950 1492; x_wconf 89' lang='lat' dir='ltr'><strong>tam</strong></span> <span class='ocrx_word' id='word_1_112' title='bbox 972 1429 1139 1492; x_wconf 89' lang='lat' dir='ltr'><strong>adiumenta</strong></span> <span class='ocrx_word' id='word_1_113' title='bbox 1159 1427 1222 1499; x_wconf 82' lang='lat' dir='ltr'><strong>tini,</strong></span> <span class='ocrx_word' id='word_1_114' title='bbox 1242 1425 1280 1487; x_wconf 91' lang='lat' dir='ltr'><strong>ad</strong></span> <span class='ocrx_word' id='word_1_115' title='bbox 1300 1439 1385 1502; x_wconf 85' lang='lat' dir='ltr'><strong>quem</strong></span> <span class='ocrx_word' id='word_1_116' title='bbox 1402 1420 1485 1495; x_wconf 78' lang='lat' dir='ltr'><strong>team</strong></span> 
     </span>
     <span class='ocr_line' id='line_1_13' title="bbox 348 1520 1484 1609; baseline -0.014 -17"><span class='ocrx_word' id='word_1_117' title='bbox 348 1546 435 1609; x_wconf 86' lang='lat' dir='ltr'><strong>qnam</strong></span> <span class='ocrx_word' id='word_1_118' title='bbox 453 1531 549 1607; x_wconf 90' lang='lat' dir='ltr'><strong>potius</strong></span> <span class='ocrx_word' id='word_1_119' title='bbox 569 1529 776 1605; x_wconf 87' lang='lat' dir='ltr'><strong>impedimenta</strong></span> <span class='ocrx_word' id='word_1_120' title='bbox 792 1526 988 1604; x_wconf 89' lang='lat' dir='ltr'><strong>suppeditent,</strong></span> <span class='ocrx_word' id='word_1_121' title='bbox 1001 1532 1032 1587; x_wconf 86' lang='lat' dir='ltr'><strong>et</strong></span> <span class='ocrx_word' id='word_1_122' title='bbox 1045 1524 1266 1588; x_wconf 91' lang='lat' dir='ltr'><strong>commodorum</strong></span> <span class='ocrx_word' id='word_1_123' title='bbox 1282 1522 1364 1599; x_wconf 92' lang='lat' dir='ltr'><strong>copia</strong></span> <span class='ocrx_word' id='word_1_124' title='bbox 1377 1520 1484 1582; x_wconf 89' lang='lat' dir='ltr'><strong>animun</strong></span> 
     </span>
     <span class='ocr_line' id='line_1_14' title="bbox 348 1612 1487 1693; baseline -0.017 0"><span class='ocrx_word' id='word_1_125' title='bbox 348 1627 527 1693; x_wconf 75' lang='lat' dir='ltr'>emollientes</span> <span class='ocrx_word' id='word_1_126' title='bbox 547 1626 662 1690; x_wconf 83' lang='lat' dir='ltr'><strong>facilem</strong></span> <span class='ocrx_word' id='word_1_127' title='bbox 685 1627 763 1688; x_wconf 87' lang='lat' dir='ltr'><strong>viam</strong></span> <span class='ocrx_word' id='word_1_128' title='bbox 786 1625 865 1687; x_wconf 87' lang='lat' dir='ltr'><strong>vitiis</strong></span> <span class='ocrx_word' id='word_1_129' title='bbox 885 1632 1026 1685; x_wconf 86' lang='lat' dir='ltr'><strong>sternant.</strong></span> <span class='ocrx_word' id='word_1_130' title='bbox 1043 1620 1161 1685; x_wconf 79' lang='lat' dir='ltr'><strong>Diutius</strong></span> <span class='ocrx_word' id='word_1_131' title='bbox 1180 1636 1237 1683; x_wconf 93' lang='lat' dir='ltr'><strong>non</strong></span> <span class='ocrx_word' id='word_1_132' title='bbox 1258 1620 1395 1681; x_wconf 89' lang='lat' dir='ltr'><strong>immoror</strong></span> <span class='ocrx_word' id='word_1_133' title='bbox 1407 1618 1433 1678; x_wconf 93' lang='lat' dir='ltr'><strong>in</strong></span> <span class='ocrx_word' id='word_1_134' title='bbox 1445 1612 1487 1677; x_wconf 92' lang='lat' dir='ltr'><strong>ni·</strong></span> 
     </span>
    </p>
   </div>
   <div class='ocr_carea' id='block_1_3' title="bbox 348 1716 1485 1803">
    <p class='ocr_par' dir='ltr' id='par_1_3' title="bbox 210 1716 1485 1803">
     <span class='ocr_line' id='line_1_15' title="bbox 348 1716 1485 1803; baseline -0.011 -19.515"><span class='ocrx_word' id='word_1_135' title='bbox 348 1727 514 1790; x_wconf 85' lang='lat' dir='ltr'><strong>notioribus</strong></span> <span class='ocrx_word' id='word_1_136' title='bbox 537 1725 824 1803; x_wconf 79' lang='lat' dir='ltr'><strong>praescriptionibus,</strong></span> <span class='ocrx_word' id='word_1_137' title='bbox 845 1738 914 1785; x_wconf 89' lang='lat' dir='ltr'><strong>cnm</strong></span> <span class='ocrx_word' id='word_1_138' title='bbox 943 1722 1029 1784; x_wconf 86' lang='lat' dir='ltr'><strong>iaciie</strong></span> <span class='ocrx_word' id='word_1_139' title='bbox 1048 1738 1101 1800; x_wconf 91' lang='lat' dir='ltr'><strong>per</strong></span> <span class='ocrx_word' id='word_1_140' title='bbox 1126 1736 1158 1784; x_wconf 85' lang='lat' dir='ltr'><strong>se</strong></span> <span class='ocrx_word' id='word_1_141' title='bbox 1179 1728 1300 1797; x_wconf 87' lang='lat' dir='ltr'><strong>pateant</strong></span> <span class='ocrx_word' id='word_1_142' title='bbox 1319 1726 1351 1781; x_wconf 92' lang='lat' dir='ltr'><strong>et</strong></span> <span class='ocrx_word' id='word_1_143' title='bbox 1375 1716 1485 1795; x_wconf 79' lang='lat' dir='ltr'><strong>grauiora</strong></span> 
     </span>
    </p>
   </div>
   <div class='ocr_carea' id='block_1_4' title="bbox 348 1813 1487 1984">
    <p class='ocr_par' dir='ltr' id='par_1_4' title="bbox 348 1813 1487 1984">
     <span class='ocr_line' id='line_1_16' title="bbox 348 1813 1487 1903; baseline -0.014 -18"><span class='ocrx_word' id='word_1_144' title='bbox 348 1840 401 1887; x_wconf 92' lang='lat' dir='ltr'><strong>nos</strong></span> <span class='ocrx_word' id='word_1_145' title='bbox 422 1832 556 1903; x_wconf 78' lang='lat' dir='ltr'><strong>urgeant.</strong></span> <span class='ocrx_word' id='word_1_146' title='bbox 577 1820 671 1886; x_wconf 91' lang='lat' dir='ltr'><strong>Venio</strong></span> <span class='ocrx_word' id='word_1_147' title='bbox 692 1822 796 1899; x_wconf 78' lang='lat' dir='ltr'><strong>potius</strong></span> <span class='ocrx_word' id='word_1_148' title='bbox 815 1820 853 1882; x_wconf 91' lang='lat' dir='ltr'><strong>ad</strong></span> <span class='ocrx_word' id='word_1_149' title='bbox 873 1820 1060 1899; x_wconf 84' lang='lat' dir='ltr'><strong>quaestiones</strong></span> <span class='ocrx_word' id='word_1_150' title='bbox 1080 1817 1244 1891; x_wconf 89' lang='lat' dir='ltr'><strong>nonnullas,</strong></span> <span class='ocrx_word' id='word_1_151' title='bbox 1264 1832 1341 1896; x_wconf 85' lang='lat' dir='ltr'><strong>quae</strong></span> <span class='ocrx_word' id='word_1_152' title='bbox 1364 1829 1426 1877; x_wconf 92' lang='lat' dir='ltr'><strong>cum</strong></span> <span class='ocrx_word' id='word_1_153' title='bbox 1442 1813 1487 1878; x_wconf 84' lang='lat' dir='ltr'><strong>hae¹</strong></span> 
     </span>
     <span class='ocr_line' id='line_1_17' title="bbox 350 1921 835 1984; baseline -0.004 -1"><span class='ocrx_word' id='word_1_154' title='bbox 350 1922 472 1983; x_wconf 80' lang='lat' dir='ltr'><strong>rnateda</strong></span> <span class='ocrx_word' id='word_1_155' title='bbox 493 1921 594 1982; x_wconf 90' lang='lat' dir='ltr'><strong>intime</strong></span> <span class='ocrx_word' id='word_1_156' title='bbox 614 1926 835 1984; x_wconf 88' lang='lat' dir='ltr'><strong>connectuntur.</strong></span> 
     </span>
    </p>
   </div>
   <div class='ocr_carea' id='block_1_5' title="bbox 707 2129 1089 2233">
    <p class='ocr_par' dir='ltr' id='par_1_5' title="bbox 707 2129 1089 2233">
     <span class='ocr_line' id='line_1_18' title="bbox 707 2129 1089 2233; baseline 0 -38"><span class='ocrx_word' id='word_1_157' title='bbox 707 2223 711 2233; x_wconf 35' lang='grc' dir='ltr'>Ι</span> <span class='ocrx_word' id='word_1_158' title='bbox 770 2129 1089 2197; x_wconf 80' lang='lat' dir='ltr'><strong>PROPOSITIONES.</strong></span> 
     </span>
    </p>
   </div>
   <div class='ocr_carea' id='block_1_6' title="bbox 266 2298 1497 4344">
    <p class='ocr_par' dir='ltr' id='par_1_6' title="bbox 266 2298 1497 4344">
     <span class='ocr_line' id='line_1_19' title="bbox 388 2298 1487 2390; baseline -0.007 -15"><span class='ocrx_word' id='word_1_159' title='bbox 388 2310 436 2375; x_wconf 83' lang='lat'><strong>53.</strong></span> <span class='ocrx_word' id='word_1_160' title='bbox 459 2310 632 2375; x_wconf 83' lang='lat' dir='ltr'><strong>Pnonosmm</strong></span> <span class='ocrx_word' id='word_1_161' title='bbox 656 2308 697 2373; x_wconf 71' lang='lat'><strong>1⁸.</strong></span> <span class='ocrx_word' id='word_1_162' title='bbox 720 2308 880 2373; x_wconf 72' lang='lat' dir='ltr'><strong>Venientes</strong></span> <span class='ocrx_word' id='word_1_163' title='bbox 900 2309 962 2373; x_wconf 78' lang='lat' dir='ltr'><strong>stet</strong></span> <span class='ocrx_word' id='word_1_164' title='bbox 980 2326 1094 2373; x_wconf 77' lang='lat' dir='ltr'><strong>monus</strong></span> <span class='ocrx_word' id='word_1_165' title='bbox 1107 2309 1243 2382; x_wconf 76' lang='lat' dir='ltr'><strong>iniicere,</strong></span> <span class='ocrx_word' id='word_1_166' title='bbox 1263 2304 1441 2390; x_wconf 68' lang='lat' dir='ltr'><strong>ermetem</strong></span> <span class='ocrx_word' id='word_1_167' title='bbox 1452 2298 1487 2361; x_wconf 72' lang='lat' dir='ltr'><strong>eti</strong></span> 
     </span>
     <span class='ocr_line' id='line_1_20' title="bbox 349 2410 582 2473; baseline -0.004 -1"><span class='ocrx_word' id='word_1_168' title='bbox 349 2410 418 2473; x_wconf 81' lang='lat' dir='ltr'><strong>iere</strong></span> <span class='ocrx_word' id='word_1_169' title='bbox 439 2412 582 2472; x_wconf 79' lang='lat' dir='ltr'><strong>moturae.</strong></span> 
     </span>
     <span class='ocr_line' id='line_1_21' title="bbox 266 2495 1485 2591; baseline -0.016 -16"><span class='ocrx_word' id='word_1_170' title='bbox 266 2566 273 2591; x_wconf 11' lang='grc' dir='ltr'><strong>,Α</strong></span> <span class='ocrx_word' id='word_1_171' title='bbox 387 2498 472 2571; x_wconf 74' lang='lat' dir='ltr'><strong>Proh]</strong></span> <span class='ocrx_word' id='word_1_172' title='bbox 494 2506 563 2573; x_wconf 86' lang='lat' dir='ltr'><strong>Fuit</strong></span> <span class='ocrx_word' id='word_1_173' title='bbox 584 2509 643 2571; x_wconf 92' lang='lat' dir='ltr'><strong>iam</strong></span> <span class='ocrx_word' id='word_1_174' title='bbox 665 2505 830 2571; x_wconf 86' lang='lat' dir='ltr'><strong>Stoicorum</strong></span> <span class='ocrx_word' id='word_1_175' title='bbox 851 2508 949 2585; x_wconf 91' lang='lat' dir='ltr'><strong>opinio</strong></span> <span class='ocrx_word' id='word_1_176' title='bbox 971 2523 1056 2584; x_wconf 87' lang='lat' dir='ltr'><strong>posse</strong></span> <span class='ocrx_word' id='word_1_177' title='bbox 1075 2508 1248 2584; x_wconf 78' lang='lat' dir='ltr'><strong>sapientem,</strong></span> <span class='ocrx_word' id='word_1_178' title='bbox 1270 2508 1297 2568; x_wconf 90' lang='lat' dir='ltr'><strong>si</strong></span> <span class='ocrx_word' id='word_1_179' title='bbox 1324 2495 1485 2583; x_wconf 75' lang='lat' dir='ltr'><strong>gravissimis</strong></span> 
     </span>
     <span class='ocr_line' id='line_1_22' title="bbox 271 2594 1485 2695; baseline 0.002 -28"><span class='ocrx_word' id='word_1_180' title='bbox 271 2642 276 2695; x_wconf 63' lang='lat'><strong>,⁴</strong></span> <span class='ocrx_word' id='word_1_181' title='bbox 349 2614 499 2682; x_wconf 88' lang='lat' dir='ltr'><strong>prematur</strong></span> <span class='ocrx_word' id='word_1_182' title='bbox 512 2606 665 2685; x_wconf 81' lang='lat' dir='ltr'><strong>angustiis,</strong></span> <span class='ocrx_word' id='word_1_183' title='bbox 679 2613 781 2685; x_wconf 89' lang='lat' dir='ltr'><strong>sponte</strong></span> <span class='ocrx_word' id='word_1_184' title='bbox 795 2621 812 2667; x_wconf 92' lang='lat' dir='ltr'><strong>e</strong></span> <span class='ocrx_word' id='word_1_185' title='bbox 829 2608 889 2667; x_wconf 88' lang='lat' dir='ltr'><strong>vita</strong></span> <span class='ocrx_word' id='word_1_186' title='bbox 905 2606 1041 2683; x_wconf 79' lang='lat' dir='ltr'><strong>migrare,</strong></span> <span class='ocrx_word' id='word_1_187' title='bbox 1055 2604 1247 2668; x_wconf 89' lang='lat' dir='ltr'><strong>interimendo</strong></span> <span class='ocrx_word' id='word_1_188' title='bbox 1258 2604 1399 2681; x_wconf 84' lang='lat' dir='ltr'><strong>seipsum.</strong></span> <span class='ocrx_word' id='word_1_189' title='bbox 1411 2594 1485 2669; x_wconf 63' lang='lat' dir='ltr'><strong>Quem</strong></span> 
     </span>
     <span class='ocr_line' id='line_1_23' title="bbox 349 2689 1488 2781; baseline -0.005 -18"><span class='ocrx_word' id='word_1_190' title='bbox 349 2718 476 2765; x_wconf 85' lang='lat' dir='ltr'><strong>errorem</strong></span> <span class='ocrx_word' id='word_1_191' title='bbox 488 2705 636 2767; x_wconf 87' lang='lat' dir='ltr'><strong>renovavit</strong></span> <span class='ocrx_word' id='word_1_192' title='bbox 650 2705 778 2766; x_wconf 81' lang='lat' dir='ltr'><strong>nefarius</strong></span> <span class='ocrx_word' id='word_1_193' title='bbox 789 2710 892 2765; x_wconf 89' lang='lat' dir='ltr'><strong>auctor</strong></span> <span class='ocrx_word' id='word_1_194' title='bbox 902 2699 1089 2781; x_wconf 71' lang='lat' dir='ltr'><strong>nyssenam</strong></span> <span class='ocrx_word' id='word_1_195' title='bbox 1099 2705 1252 2777; x_wconf 61' lang='lat' dir='ltr'><strong>maiorm</strong></span> <span class='ocrx_word' id='word_1_196' title='bbox 1263 2702 1317 2781; x_wconf 86' lang='lat' dir='ltr'><strong>qui</strong></span> <span class='ocrx_word' id='word_1_197' title='bbox 1327 2694 1427 2776; x_wconf 84' lang='lat' dir='ltr'><strong>ineptis</strong></span> <span class='ocrx_word' id='word_1_198' title='bbox 1434 2689 1488 2769; x_wconf 77' lang='lat' dir='ltr'><strong>qui·</strong></span> 
     </span>
     <span class='ocr_line' id='line_1_24' title="bbox 350 2797 1489 2878; baseline -0.001 -20"><span class='ocrx_word' id='word_1_199' title='bbox 350 2797 475 2860; x_wconf 89' lang='lat' dir='ltr'><strong>bnsdam</strong></span> <span class='ocrx_word' id='word_1_200' title='bbox 495 2800 630 2873; x_wconf 83' lang='lat' dir='ltr'><strong>fallaciis,</strong></span> <span class='ocrx_word' id='word_1_201' title='bbox 651 2816 726 2878; x_wconf 89' lang='lat' dir='ltr'><strong>quas</strong></span> <span class='ocrx_word' id='word_1_202' title='bbox 745 2800 869 2863; x_wconf 81' lang='lat' dir='ltr'><strong>inferius</strong></span> <span class='ocrx_word' id='word_1_203' title='bbox 894 2798 1098 2873; x_wconf 83' lang='lat' dir='ltr'><strong>dissolvemns,</strong></span> <span class='ocrx_word' id='word_1_204' title='bbox 1118 2797 1285 2862; x_wconf 80' lang='lat' dir='ltr'><strong>suicidium</strong></span> <span class='ocrx_word' id='word_1_205' title='bbox 1308 2798 1417 2861; x_wconf 87' lang='lat' dir='ltr'><strong>licitum</strong></span> <span class='ocrx_word' id='word_1_206' title='bbox 1438 2798 1489 2851; x_wconf 64' lang='lat' dir='ltr'><strong>etit</strong></span> 
     </span>
     <span class='ocr_line' id='line_1_25' title="bbox 349 2883 1487 2971; baseline -0.001 -16"><span class='ocrx_word' id='word_1_207' title='bbox 349 2894 513 2957; x_wconf 88' lang='lat' dir='ltr'><strong>blateravit.</strong></span> <span class='ocrx_word' id='word_1_208' title='bbox 528 2894 570 2959; x_wconf 82' lang='lat' dir='ltr'><strong>At</strong></span> <span class='ocrx_word' id='word_1_209' title='bbox 591 2911 676 2959; x_wconf 90' lang='lat' dir='ltr'><strong>nemo</strong></span> <span class='ocrx_word' id='word_1_210' title='bbox 696 2914 752 2959; x_wconf 93' lang='lat' dir='ltr'><strong>non</strong></span> <span class='ocrx_word' id='word_1_211' title='bbox 767 2898 856 2971; x_wconf 87' lang='lat' dir='ltr'><strong>videt,</strong></span> <span class='ocrx_word' id='word_1_212' title='bbox 877 2897 1045 2959; x_wconf 85' lang='lat' dir='ltr'><strong>huiusmodi</strong></span> <span class='ocrx_word' id='word_1_213' title='bbox 1065 2898 1177 2959; x_wconf 83' lang='lat' dir='ltr'><strong>facinus</strong></span> <span class='ocrx_word' id='word_1_214' title='bbox 1197 2904 1321 2959; x_wconf 90' lang='lat' dir='ltr'><strong>naturae</strong></span> <span class='ocrx_word' id='word_1_215' title='bbox 1342 2883 1487 2958; x_wconf 79' lang='lat' dir='ltr'><strong>adversare</strong></span> 
     </span>
     <span class='ocr_line' id='line_1_26' title="bbox 349 2979 1491 3071; baseline 0.006 -19"><span class='ocrx_word' id='word_1_216' title='bbox 349 3006 418 3053; x_wconf 93' lang='lat' dir='ltr'><strong>cum</strong></span> <span class='ocrx_word' id='word_1_217' title='bbox 439 2994 599 3069; x_wconf 84' lang='lat' dir='ltr'><strong>perpetrari</strong></span> <span class='ocrx_word' id='word_1_218' title='bbox 620 2995 658 3055; x_wconf 92' lang='lat' dir='ltr'><strong>ab</strong></span> <span class='ocrx_word' id='word_1_219' title='bbox 678 2994 796 3057; x_wconf 89' lang='lat' dir='ltr'><strong>homine</strong></span> <span class='ocrx_word' id='word_1_220' title='bbox 817 3001 951 3071; x_wconf 83' lang='lat' dir='ltr'><strong>nequeat,</strong></span> <span class='ocrx_word' id='word_1_221' title='bbox 964 2994 1034 3070; x_wconf 87' lang='lat' dir='ltr'><strong>quin</strong></span> <span class='ocrx_word' id='word_1_222' title='bbox 1049 2994 1145 3055; x_wconf 86' lang='lat' dir='ltr'><strong>officia</strong></span> <span class='ocrx_word' id='word_1_223' title='bbox 1168 2994 1338 3069; x_wconf 86' lang='lat' dir='ltr'><strong>pessumdet</strong></span> <span class='ocrx_word' id='word_1_224' title='bbox 1355 2989 1421 3059; x_wconf 79' lang='lat' dir='ltr'><strong>neo,</strong></span> <span class='ocrx_word' id='word_1_225' title='bbox 1435 2979 1491 3044; x_wconf 64' lang='lat' dir='ltr'><strong>Sibi·</strong></span> 
     </span>
     <span class='ocr_line' id='line_1_27' title="bbox 351 3088 1490 3168; baseline -0.009 -19"><span class='ocrx_word' id='word_1_226' title='bbox 351 3089 476 3165; x_wconf 80' lang='lat' dir='ltr'><strong>metipsi,</strong></span> <span class='ocrx_word' id='word_1_227' title='bbox 496 3098 526 3152; x_wconf 93' lang='lat' dir='ltr'><strong>et</strong></span> <span class='ocrx_word' id='word_1_228' title='bbox 547 3092 678 3153; x_wconf 90' lang='lat' dir='ltr'><strong>societati</strong></span> <span class='ocrx_word' id='word_1_229' title='bbox 701 3092 809 3155; x_wconf 87' lang='lat' dir='ltr'><strong>debita.</strong></span> <span class='ocrx_word' id='word_1_230' title='bbox 830 3090 869 3154; x_wconf 82' lang='lat' dir='ltr'><strong>Et</strong></span> <span class='ocrx_word' id='word_1_231' title='bbox 890 3107 923 3154; x_wconf 92' lang='lat' dir='ltr'><strong>re</strong></span> <span class='ocrx_word' id='word_1_232' title='bbox 942 3091 1059 3168; x_wconf 88' lang='lat' dir='ltr'><strong>quidem</strong></span> <span class='ocrx_word' id='word_1_233' title='bbox 1082 3107 1160 3163; x_wconf 82' lang='lat' dir='ltr'><strong>vera,</strong></span> <span class='ocrx_word' id='word_1_234' title='bbox 1181 3089 1273 3164; x_wconf 88' lang='lat' dir='ltr'><strong>Dens,</strong></span> <span class='ocrx_word' id='word_1_235' title='bbox 1288 3102 1385 3152; x_wconf 89' lang='lat' dir='ltr'><strong>rerum</strong></span> <span class='ocrx_word' id='word_1_236' title='bbox 1404 3088 1490 3145; x_wconf 88' lang='lat' dir='ltr'><strong>auctor</strong></span> 
     </span>
     <span class='ocr_line' id='line_1_28' title="bbox 349 3173 1491 3267; baseline -0.012 -19"><span class='ocrx_word' id='word_1_237' title='bbox 349 3194 378 3249; x_wconf 92' lang='lat' dir='ltr'><strong>et</strong></span> <span class='ocrx_word' id='word_1_238' title='bbox 399 3196 595 3265; x_wconf 87' lang='lat' dir='ltr'><strong>conservator,</strong></span> <span class='ocrx_word' id='word_1_239' title='bbox 618 3190 707 3252; x_wconf 87' lang='lat' dir='ltr'><strong>vitam</strong></span> <span class='ocrx_word' id='word_1_240' title='bbox 729 3206 785 3253; x_wconf 93' lang='lat' dir='ltr'><strong>non</strong></span> <span class='ocrx_word' id='word_1_241' title='bbox 808 3190 851 3250; x_wconf 89' lang='lat' dir='ltr'><strong>sic</strong></span> <span class='ocrx_word' id='word_1_242' title='bbox 866 3190 978 3252; x_wconf 83' lang='lat' dir='ltr'><strong>homini</strong></span> <span class='ocrx_word' id='word_1_243' title='bbox 995 3189 1119 3267; x_wconf 80' lang='lat' dir='ltr'><strong>largitus</strong></span> <span class='ocrx_word' id='word_1_244' title='bbox 1133 3197 1188 3267; x_wconf 80' lang='lat' dir='ltr'><strong>est,</strong></span> <span class='ocrx_word' id='word_1_245' title='bbox 1206 3194 1239 3249; x_wconf 90' lang='lat' dir='ltr'><strong>ut</strong></span> <span class='ocrx_word' id='word_1_246' title='bbox 1253 3188 1291 3250; x_wconf 92' lang='lat' dir='ltr'><strong>de</strong></span> <span class='ocrx_word' id='word_1_247' title='bbox 1306 3190 1368 3263; x_wconf 88' lang='lat' dir='ltr'><strong>ipsa</strong></span> <span class='ocrx_word' id='word_1_248' title='bbox 1381 3181 1417 3243; x_wconf 92' lang='lat' dir='ltr'><strong>ad</strong></span> <span class='ocrx_word' id='word_1_249' title='bbox 1429 3173 1491 3262; x_wconf 83' lang='lat' dir='ltr'><strong>arbi·</strong></span> 
     </span>
     <span class='ocr_line' id='line_1_29' title="bbox 350 3271 1491 3363; baseline -0.01 -17"><span class='ocrx_word' id='word_1_250' title='bbox 350 3286 438 3347; x_wconf 89' lang='lat' dir='ltr'><strong>trium</strong></span> <span class='ocrx_word' id='word_1_251' title='bbox 467 3285 611 3363; x_wconf 84' lang='lat' dir='ltr'><strong>disponat,</strong></span> <span class='ocrx_word' id='word_1_252' title='bbox 638 3287 689 3348; x_wconf 90' lang='lat' dir='ltr'><strong>sed</strong></span> <span class='ocrx_word' id='word_1_253' title='bbox 715 3298 747 3349; x_wconf 92' lang='lat' dir='ltr'><strong>nt</strong></span> <span class='ocrx_word' id='word_1_254' title='bbox 774 3302 808 3349; x_wconf 92' lang='lat' dir='ltr'><strong>ea</strong></span> <span class='ocrx_word' id='word_1_255' title='bbox 830 3288 868 3348; x_wconf 91' lang='lat' dir='ltr'><strong>ad</strong></span> <span class='ocrx_word' id='word_1_256' title='bbox 888 3287 1020 3350; x_wconf 86' lang='lat' dir='ltr'><strong>ordinem</strong></span> <span class='ocrx_word' id='word_1_257' title='bbox 1042 3286 1272 3362; x_wconf 81' lang='lat' dir='ltr'><strong>moralemque</strong></span> <span class='ocrx_word' id='word_1_258' title='bbox 1294 3300 1363 3348; x_wconf 88' lang='lat' dir='ltr'><strong>vera</strong></span> <span class='ocrx_word' id='word_1_259' title='bbox 1382 3271 1491 3342; x_wconf 87' lang='lat' dir='ltr'><strong>hominis</strong></span> 
     </span>
     <span class='ocr_line' id='line_1_30' title="bbox 349 3379 1491 3466; baseline -0.003 -22"><span class='ocrx_word' id='word_1_260' title='bbox 349 3383 505 3445; x_wconf 90' lang='lat' dir='ltr'><strong>destinatio</strong></span> <span class='ocrx_word' id='word_1_261' title='bbox 516 3384 916 3466; x_wconf 86' lang='lat' dir='ltr'><strong>continetur‚pr0curandum</strong></span> <span class='ocrx_word' id='word_1_262' title='bbox 928 3384 1153 3463; x_wconf 82' lang='lat' dir='ltr'><strong>augendumque</strong></span> <span class='ocrx_word' id='word_1_263' title='bbox 1169 3390 1280 3445; x_wconf 88' lang='lat' dir='ltr'><strong>utatur.</strong></span> <span class='ocrx_word' id='word_1_264' title='bbox 1295 3381 1397 3446; x_wconf 89' lang='lat' dir='ltr'><strong>Modus</strong></span> <span class='ocrx_word' id='word_1_265' title='bbox 1410 3379 1491 3436; x_wconf 74' lang='lat' dir='ltr'><strong>auem</strong></span> 
     </span>
     <span class='ocr_line' id='line_1_31' title="bbox 349 3474 1493 3562; baseline -0.007 -19"><span class='ocrx_word' id='word_1_266' title='bbox 349 3491 378 3545; x_wconf 88' lang='lat' dir='ltr'><strong>et</strong></span> <span class='ocrx_word' id='word_1_267' title='bbox 392 3496 538 3558; x_wconf 83' lang='lat' dir='ltr'><strong>mensura,</strong></span> <span class='ocrx_word' id='word_1_268' title='bbox 552 3498 610 3559; x_wconf 85' lang='lat' dir='ltr'><strong>qna</strong></span> <span class='ocrx_word' id='word_1_269' title='bbox 625 3481 663 3542; x_wconf 92' lang='lat' dir='ltr'><strong>ad</strong></span> <span class='ocrx_word' id='word_1_270' title='bbox 678 3481 870 3543; x_wconf 88' lang='lat' dir='ltr'><strong>universalem</strong></span> <span class='ocrx_word' id='word_1_271' title='bbox 884 3481 964 3542; x_wconf 86' lang='lat' dir='ltr'><strong>hunc</strong></span> <span class='ocrx_word' id='word_1_272' title='bbox 983 3483 1070 3544; x_wconf 87' lang='lat' dir='ltr'><strong>finem</strong></span> <span class='ocrx_word' id='word_1_273' title='bbox 1095 3483 1226 3562; x_wconf 77' lang='lat' dir='ltr'><strong>conferre</strong></span> <span class='ocrx_word' id='word_1_274' title='bbox 1247 3495 1368 3559; x_wconf 90' lang='lat' dir='ltr'><strong>operam</strong></span> <span class='ocrx_word' id='word_1_275' title='bbox 1387 3474 1493 3555; x_wconf 81' lang='lat' dir='ltr'><strong>quisque</strong></span> 
     </span>
     <span class='ocr_line' id='line_1_32' title="bbox 349 3576 1493 3657; baseline -0.007 -16"><span class='ocrx_word' id='word_1_276' title='bbox 349 3580 476 3654; x_wconf 78' lang='lat' dir='ltr'><strong>debete</strong></span> <span class='ocrx_word' id='word_1_277' title='bbox 498 3578 597 3640; x_wconf 87' lang='lat' dir='ltr'><strong>divina</strong></span> <span class='ocrx_word' id='word_1_278' title='bbox 612 3576 798 3642; x_wconf 86' lang='lat' dir='ltr'><strong>Providentia</strong></span> <span class='ocrx_word' id='word_1_279' title='bbox 823 3580 1044 3652; x_wconf 88' lang='lat' dir='ltr'><strong>determinatur,</strong></span> <span class='ocrx_word' id='word_1_280' title='bbox 1059 3596 1112 3657; x_wconf 90' lang='lat' dir='ltr'><strong>pro</strong></span> <span class='ocrx_word' id='word_1_281' title='bbox 1132 3587 1229 3645; x_wconf 91' lang='lat' dir='ltr'><strong>status</strong></span> <span class='ocrx_word' id='word_1_282' title='bbox 1250 3580 1422 3651; x_wconf 87' lang='lat' dir='ltr'><strong>conditione,</strong></span> <span class='ocrx_word' id='word_1_283' title='bbox 1435 3581 1493 3634; x_wconf 89' lang='lat' dir='ltr'><strong>teu·</strong></span> 
     </span>
     <span class='ocr_line' id='line_1_33' title="bbox 350 3676 1494 3755; baseline -0.001 -16"><span class='ocrx_word' id='word_1_284' title='bbox 350 3676 480 3753; x_wconf 85' lang='lat' dir='ltr'><strong>poribus,</strong></span> <span class='ocrx_word' id='word_1_285' title='bbox 501 3676 619 3750; x_wconf 87' lang='lat' dir='ltr'><strong>eventis,</strong></span> <span class='ocrx_word' id='word_1_286' title='bbox 639 3677 669 3737; x_wconf 93' lang='lat' dir='ltr'><strong>in</strong></span> <span class='ocrx_word' id='word_1_287' title='bbox 689 3677 796 3755; x_wconf 86' lang='lat' dir='ltr'><strong>quihus</strong></span> <span class='ocrx_word' id='word_1_288' title='bbox 816 3677 1012 3740; x_wconf 90' lang='lat' dir='ltr'><strong>constituitur.</strong></span> <span class='ocrx_word' id='word_1_289' title='bbox 1035 3676 1118 3742; x_wconf 91' lang='lat' dir='ltr'><strong>Unde</strong></span> <span class='ocrx_word' id='word_1_290' title='bbox 1142 3678 1231 3742; x_wconf 91' lang='lat' dir='ltr'><strong>homo</strong></span> <span class='ocrx_word' id='word_1_291' title='bbox 1260 3678 1419 3743; x_wconf 91' lang='lat' dir='ltr'><strong>dominium</strong></span> <span class='ocrx_word' id='word_1_292' title='bbox 1442 3681 1494 3747; x_wconf 70' lang='lat' dir='ltr'><strong>pru</strong></span> 
     </span>
     <span class='ocr_line' id='line_1_34' title="bbox 350 3772 1494 3857; baseline -0.003 -19"><span class='ocrx_word' id='word_1_293' title='bbox 350 3777 431 3851; x_wconf 89' lang='lat' dir='ltr'><strong>priae</strong></span> <span class='ocrx_word' id='word_1_294' title='bbox 452 3777 639 3839; x_wconf 83' lang='lat' dir='ltr'><strong>exsistentiae</strong></span> <span class='ocrx_word' id='word_1_295' title='bbox 660 3776 836 3850; x_wconf 84' lang='lat' dir='ltr'><strong>nonhabet,</strong></span> <span class='ocrx_word' id='word_1_296' title='bbox 857 3778 908 3839; x_wconf 92' lang='lat' dir='ltr'><strong>sed</strong></span> <span class='ocrx_word' id='word_1_297' title='bbox 935 3776 1028 3837; x_wconf 91' lang='lat' dir='ltr'><strong>solum</strong></span> <span class='ocrx_word' id='word_1_298' title='bbox 1054 3793 1159 3850; x_wconf 89' lang='lat' dir='ltr'><strong>usum;</strong></span> <span class='ocrx_word' id='word_1_299' title='bbox 1179 3778 1240 3855; x_wconf 85' lang='lat' dir='ltr'><strong>tini,</strong></span> <span class='ocrx_word' id='word_1_300' title='bbox 1260 3793 1351 3857; x_wconf 87' lang='lat' dir='ltr'><strong>quem</strong></span> <span class='ocrx_word' id='word_1_301' title='bbox 1375 3772 1494 3837; x_wconf 71' lang='lat' dir='ltr'><strong>cinnes,</strong></span> 
     </span>
     <span class='ocr_line' id='line_1_35' title="bbox 349 3872 1494 3953; baseline -0.005 -19"><span class='ocrx_word' id='word_1_302' title='bbox 349 3882 565 3953; x_wconf 85' lang='lat' dir='ltr'><strong>congruentem.</strong></span> <span class='ocrx_word' id='word_1_303' title='bbox 589 3872 619 3938; x_wconf 89' lang='lat' dir='ltr'><strong>Si</strong></span> <span class='ocrx_word' id='word_1_304' title='bbox 639 3874 739 3952; x_wconf 82' lang='lat' dir='ltr'><strong>igitur,</strong></span> <span class='ocrx_word' id='word_1_305' title='bbox 759 3890 966 3937; x_wconf 87' lang='lat' dir='ltr'><strong>aerumnarum</strong></span> <span class='ocrx_word' id='word_1_306' title='bbox 987 3875 1154 3953; x_wconf 87' lang='lat' dir='ltr'><strong>impatiens,</strong></span> <span class='ocrx_word' id='word_1_307' title='bbox 1170 3875 1313 3939; x_wconf 84' lang='lat' dir='ltr'><strong>violentas</strong></span> <span class='ocrx_word' id='word_1_308' title='bbox 1328 3874 1390 3937; x_wconf 80' lang='lat' dir='ltr'><strong>¹sibi</strong></span> <span class='ocrx_word' id='word_1_309' title='bbox 1404 3878 1494 3933; x_wconf 85' lang='lat' dir='ltr'><strong>manus</strong></span> 
     </span>
     <span class='ocr_line' id='line_1_36' title="bbox 349 3958 1495 4051; baseline 0.001 -21"><span class='ocrx_word' id='word_1_310' title='bbox 349 3968 446 4045; x_wconf 85' lang='lat' dir='ltr'><strong>iniert;</strong></span> <span class='ocrx_word' id='word_1_311' title='bbox 464 3987 481 4032; x_wconf 93' lang='lat' dir='ltr'><strong>a</strong></span> <span class='ocrx_word' id='word_1_312' title='bbox 496 3973 594 4034; x_wconf 92' lang='lat' dir='ltr'><strong>divina</strong></span> <span class='ocrx_word' id='word_1_313' title='bbox 609 3971 789 4035; x_wconf 92' lang='lat' dir='ltr'><strong>ordinatione</strong></span> <span class='ocrx_word' id='word_1_314' title='bbox 804 3986 836 4034; x_wconf 90' lang='lat' dir='ltr'><strong>se</strong></span> <span class='ocrx_word' id='word_1_315' title='bbox 851 3972 1010 4046; x_wconf 85' lang='lat' dir='ltr'><strong>subtrahit,</strong></span> <span class='ocrx_word' id='word_1_316' title='bbox 1024 3979 1053 4035; x_wconf 92' lang='lat' dir='ltr'><strong>et</strong></span> <span class='ocrx_word' id='word_1_317' title='bbox 1074 3973 1121 4035; x_wconf 90' lang='lat' dir='ltr'><strong>ius</strong></span> <span class='ocrx_word' id='word_1_318' title='bbox 1144 3972 1201 4035; x_wconf 87' lang='lat' dir='ltr'><strong>sibi</strong></span> <span class='ocrx_word' id='word_1_319' title='bbox 1222 3980 1353 4051; x_wconf 81' lang='lat' dir='ltr'><strong>arrogat,</strong></span> <span class='ocrx_word' id='word_1_320' title='bbox 1366 3966 1440 4049; x_wconf 87' lang='lat' dir='ltr'><strong>quod</strong></span> <span class='ocrx_word' id='word_1_321' title='bbox 1452 3958 1495 4027; x_wconf 69' lang='lat' dir='ltr'><strong>Dei</strong></span> 
     </span>
     <span class='ocr_line' id='line_1_37' title="bbox 351 4070 704 4146; baseline 0.008 -18"><span class='ocrx_word' id='word_1_322' title='bbox 351 4072 465 4129; x_wconf 89' lang='lat' dir='ltr'><strong>tantum</strong></span> <span class='ocrx_word' id='word_1_323' title='bbox 484 4070 633 4146; x_wconf 92' lang='lat' dir='ltr'><strong>proprium</strong></span> <span class='ocrx_word' id='word_1_324' title='bbox 649 4076 704 4131; x_wconf 87' lang='lat' dir='ltr'><strong>est.</strong></span> 
     </span>
     <span class='ocr_line' id='line_1_38' title="bbox 390 4162 1495 4252; baseline 0.004 -27.51"><span class='ocrx_word' id='word_1_325' title='bbox 390 4162 554 4252; x_wconf 82' lang='lat' dir='ltr'><strong>Praeterea,</strong></span> <span class='ocrx_word' id='word_1_326' title='bbox 576 4168 675 4245; x_wconf 79' lang='lat' dir='ltr'><strong>negari</strong></span> <span class='ocrx_word' id='word_1_327' title='bbox 703 4167 805 4244; x_wconf 89' lang='lat' dir='ltr'><strong>nequit</strong></span> <span class='ocrx_word' id='word_1_328' title='bbox 829 4166 1031 4229; x_wconf 83' lang='lat' dir='ltr'><strong>exsistentiam</strong></span> <span class='ocrx_word' id='word_1_329' title='bbox 1054 4182 1195 4246; x_wconf 79' lang='lat' dir='ltr'><strong>magnum</strong></span> <span class='ocrx_word' id='word_1_330' title='bbox 1215 4184 1280 4232; x_wconf 91' lang='lat' dir='ltr'><strong>esse</strong></span> <span class='ocrx_word' id='word_1_331' title='bbox 1301 4170 1420 4238; x_wconf 81' lang='lat' dir='ltr'><strong>bonum3</strong></span> <span class='ocrx_word' id='word_1_332' title='bbox 1439 4170 1495 4224; x_wconf 75' lang='lat' dir='ltr'><strong>tum</strong></span> 
     </span>
     <span class='ocr_line' id='line_1_39' title="bbox 285 4261 1497 4344; baseline -0.003 -18"><span class='ocrx_word' id='word_1_333' title='bbox 285 4262 302 4275; x_wconf 81' lang='grc'><strong>’“</strong></span> <span class='ocrx_word' id='word_1_334' title='bbox 348 4264 569 4337; x_wconf 82' lang='lat' dir='ltr'><strong>tundamentum</strong></span> <span class='ocrx_word' id='word_1_335' title='bbox 590 4264 629 4326; x_wconf 85' lang='lat' dir='ltr'><strong>sit</strong></span> <span class='ocrx_word' id='word_1_336' title='bbox 651 4265 803 4327; x_wconf 81' lang='lat' dir='ltr'><strong>felicitatis</strong></span> <span class='ocrx_word' id='word_1_337' title='bbox 825 4263 1008 4343; x_wconf 78' lang='lat' dir='ltr'><strong>aliorumque</strong></span> <span class='ocrx_word' id='word_1_338' title='bbox 1032 4266 1183 4341; x_wconf 85' lang='lat' dir='ltr'><strong>bonorum,</strong></span> <span class='ocrx_word' id='word_1_339' title='bbox 1204 4282 1281 4344; x_wconf 89' lang='lat' dir='ltr'><strong>quae</strong></span> <span class='ocrx_word' id='word_1_340' title='bbox 1304 4261 1423 4342; x_wconf 88' lang='lat' dir='ltr'><strong>assequi</strong></span> <span class='ocrx_word' id='word_1_341' title='bbox 1442 4270 1497 4336; x_wconf 85' lang='lat' dir='ltr'><strong>pus·</strong></span> 
     </span>
    </p>
   </div>
   <div class='ocr_carea' id='block_1_7' title="bbox 0 0 1587 4932">
    <p class='ocr_par' dir='ltr' id='par_1_7' title="bbox 0 0 1587 4932">
     <span class='ocr_line' id='line_1_40' title="bbox 0 0 1587 4932; baseline 0 0"><span class='ocrx_word' id='word_1_342' title='bbox 0 0 1587 4932; x_wconf 95' lang='lat' dir='ltr'><strong> </strong></span> 
     </span>
    </p>
   </div>
  </div>
 </body>
</html>
