<?xml version="1.0" encoding="UTF-8"?>
<!DOCTYPE html PUBLIC "-//W3C//DTD XHTML 1.0 Transitional//EN"
    "http://www.w3.org/TR/xhtml1/DTD/xhtml1-transitional.dtd">
<html xmlns="http://www.w3.org/1999/xhtml" xml:lang="en" lang="en">
 <head>
  <title>
</title>
<meta http-equiv="Content-Type" content="text/html;charset=utf-8" />
  <meta name='ocr-system' content='tesseract 3.04.00' />
  <meta name='ocr-capabilities' content='ocr_page ocr_carea ocr_par ocr_line ocrx_word'/>
</head>
<body>
  <div class='ocr_page' id='page_1' title='image "./institutioneset00libegoog_0070.png"; bbox 0 0 3159 4934; ppageno 0'>
   <div class='ocr_carea' id='block_1_1' title="bbox 216 283 1285 364">
    <p class='ocr_par' dir='ltr' id='par_1_1' title="bbox 216 283 1285 364">
     <span class='ocr_line' id='line_1_1' title="bbox 216 283 1285 364; baseline 0.006 -7"><span class='ocrx_word' id='word_1_1' title='bbox 216 283 219 291; x_wconf 71' lang='grc'><strong>’</strong></span> <span class='ocrx_word' id='word_1_2' title='bbox 247 316 332 358; x_wconf 80' lang='lat' dir='ltr'><strong>carun</strong></span> <span class='ocrx_word' id='word_1_3' title='bbox 351 316 375 358; x_wconf 88' lang='lat' dir='ltr'><strong>u.</strong></span> <span class='ocrx_word' id='word_1_4' title='bbox 395 317 429 358; x_wconf 83' lang='lat' dir='ltr'><strong>ou</strong></span> <span class='ocrx_word' id='word_1_5' title='bbox 447 315 612 358; x_wconf 82' lang='lat' dir='ltr'><strong>onnanrronu</strong></span> <span class='ocrx_word' id='word_1_6' title='bbox 630 317 741 359; x_wconf 76' lang='lat' dir='ltr'><strong>nunaut</strong></span> <span class='ocrx_word' id='word_1_7' title='bbox 761 318 847 360; x_wconf 84' lang='lat' dir='ltr'><strong>rnoun</strong></span> <span class='ocrx_word' id='word_1_8' title='bbox 866 318 1015 362; x_wconf 80' lang='lat' dir='ltr'><strong>onumurun</strong></span> <span class='ocrx_word' id='word_1_9' title='bbox 1032 322 1058 362; x_wconf 84' lang='lat' dir='ltr'><strong>uu</strong></span> <span class='ocrx_word' id='word_1_10' title='bbox 1077 321 1155 364; x_wconf 83' lang='lat' dir='ltr'><strong>nunu</strong></span> <span class='ocrx_word' id='word_1_11' title='bbox 1250 309 1285 363; x_wconf 76' lang='lat'><strong>65</strong></span> 
     </span>
    </p>
   </div>
   <div class='ocr_carea' id='block_1_2' title="bbox 577 592 821 658">
    <p class='ocr_par' dir='ltr' id='par_1_2' title="bbox 577 592 821 658">
     <span class='ocr_line' id='line_1_2' title="bbox 577 592 821 658; baseline 0 -2"><span class='ocrx_word' id='word_1_12' title='bbox 577 594 746 658; x_wconf 73' lang='lat' dir='ltr'><strong>Anniculus</strong></span> <span class='ocrx_word' id='word_1_13' title='bbox 773 592 821 657; x_wconf 90' lang='lat' dir='ltr'><strong>VI.</strong></span> 
     </span>
    </p>
   </div>
   <div class='ocr_carea' id='block_1_3' title="bbox 386 741 905 810">
    <p class='ocr_par' dir='ltr' id='par_1_3' title="bbox 386 741 905 810">
     <span class='ocr_line' id='line_1_3' title="bbox 386 741 905 810; baseline 0.008 -4"><span class='ocrx_word' id='word_1_14' title='bbox 386 759 389 764; x_wconf 84' lang='lat'>·</span> <span class='ocrx_word' id='word_1_15' title='bbox 494 741 544 807; x_wconf 88' lang='lat' dir='ltr'><strong>De</strong></span> <span class='ocrx_word' id='word_1_16' title='bbox 565 745 675 808; x_wconf 83' lang='lat' dir='ltr'><strong>merito</strong></span> <span class='ocrx_word' id='word_1_17' title='bbox 696 749 725 810; x_wconf 82' lang='lat' dir='ltr'><strong>et</strong></span> <span class='ocrx_word' id='word_1_18' title='bbox 746 745 905 810; x_wconf 80' lang='lat' dir='ltr'><strong>demerito.</strong></span> 
     </span>
    </p>
   </div>
   <div class='ocr_carea' id='block_1_4' title="bbox 107 917 1285 1790">
    <p class='ocr_par' dir='ltr' id='par_1_4' title="bbox 107 917 1285 1790">
     <span class='ocr_line' id='line_1_4' title="bbox 154 917 1284 1006; baseline 0.001 -17"><span class='ocrx_word' id='word_1_19' title='bbox 154 923 203 989; x_wconf 84' lang='lat'><strong>60.</strong></span> <span class='ocrx_word' id='word_1_20' title='bbox 225 921 299 1006; x_wconf 71' lang='lat' dir='ltr'><strong>Quid</strong></span> <span class='ocrx_word' id='word_1_21' title='bbox 321 917 468 990; x_wconf 82' lang='lat' dir='ltr'><strong>meritum</strong></span> <span class='ocrx_word' id='word_1_22' title='bbox 485 922 534 992; x_wconf 81' lang='lat' dir='ltr'><strong>vai</strong></span> <span class='ocrx_word' id='word_1_23' title='bbox 551 921 742 1006; x_wconf 80' lang='lat' dir='ltr'><strong>demeritum.</strong></span> <span class='ocrx_word' id='word_1_24' title='bbox 764 925 904 989; x_wconf 78' lang='lat' dir='ltr'><strong>Actiones</strong></span> <span class='ocrx_word' id='word_1_25' title='bbox 919 928 1074 1002; x_wconf 81' lang='lat' dir='ltr'>humanae,</span> <span class='ocrx_word' id='word_1_26' title='bbox 1091 943 1175 989; x_wconf 89' lang='lat' dir='ltr'><strong>seua</strong></span> <span class='ocrx_word' id='word_1_27' title='bbox 1191 927 1284 990; x_wconf 87' lang='lat' dir='ltr'><strong>libera</strong></span> 
     </span>
     <span class='ocr_line' id='line_1_5' title="bbox 108 1023 1284 1103; baseline 0.003 -19"><span class='ocrx_word' id='word_1_28' title='bbox 108 1025 263 1088; x_wconf 90' lang='lat' dir='ltr'><strong>voluntate</strong></span> <span class='ocrx_word' id='word_1_29' title='bbox 279 1024 478 1101; x_wconf 77' lang='lat' dir='ltr'>procedentes,</span> <span class='ocrx_word' id='word_1_30' title='bbox 494 1024 603 1102; x_wconf 91' lang='lat' dir='ltr'><strong>triplici</strong></span> <span class='ocrx_word' id='word_1_31' title='bbox 619 1023 805 1102; x_wconf 87' lang='lat' dir='ltr'><strong>potissimum</strong></span> <span class='ocrx_word' id='word_1_32' title='bbox 818 1034 940 1101; x_wconf 88' lang='lat' dir='ltr'><strong>aspectu</strong></span> <span class='ocrx_word' id='word_1_33' title='bbox 953 1025 1130 1096; x_wconf 86' lang='lat' dir='ltr'><strong>considerari</strong></span> <span class='ocrx_word' id='word_1_34' title='bbox 1146 1034 1284 1103; x_wconf 86' lang='lat' dir='ltr'><strong>possunt:</strong></span> 
     </span>
     <span class='ocr_line' id='line_1_6' title="bbox 108 1122 1284 1201; baseline 0.002 -18"><span class='ocrx_word' id='word_1_35' title='bbox 108 1122 242 1185; x_wconf 86' lang='lat' dir='ltr'><strong>scilicet:</strong></span> <span class='ocrx_word' id='word_1_36' title='bbox 264 1122 362 1199; x_wconf 89' lang='lat' dir='ltr'><strong>quoad</strong></span> <span class='ocrx_word' id='word_1_37' title='bbox 383 1122 514 1184; x_wconf 81' lang='lat' dir='ltr'><strong>ordinem</strong></span> <span class='ocrx_word' id='word_1_38' title='bbox 536 1122 668 1195; x_wconf 85' lang='lat' dir='ltr'><strong>rationis,</strong></span> <span class='ocrx_word' id='word_1_39' title='bbox 689 1122 763 1199; x_wconf 89' lang='lat' dir='ltr'><strong>ipsis</strong></span> <span class='ocrx_word' id='word_1_40' title='bbox 785 1130 921 1186; x_wconf 81' lang='lat' dir='ltr'><strong>enatura</strong></span> <span class='ocrx_word' id='word_1_41' title='bbox 945 1123 1167 1200; x_wconf 67' lang='lat' dir='ltr'><strong>praestitutum</strong></span> <span class='ocrx_word' id='word_1_42' title='bbox 1181 1124 1284 1201; x_wconf 88' lang='lat' dir='ltr'><strong>&#39;quoad</strong></span> 
     </span>
     <span class='ocr_line' id='line_1_7' title="bbox 110 1219 1284 1298; baseline 0.002 -16"><span class='ocrx_word' id='word_1_43' title='bbox 110 1221 290 1298; x_wconf 84' lang='lat' dir='ltr'><strong>subiectum,</strong></span> <span class='ocrx_word' id='word_1_44' title='bbox 307 1220 384 1297; x_wconf 90' lang='lat' dir='ltr'><strong>quod</strong></span> <span class='ocrx_word' id='word_1_45' title='bbox 399 1235 499 1282; x_wconf 89' lang='lat' dir='ltr'><strong>earum</strong></span> <span class='ocrx_word' id='word_1_46' title='bbox 516 1228 562 1281; x_wconf 87' lang='lat' dir='ltr'><strong>est</strong></span> <span class='ocrx_word' id='word_1_47' title='bbox 578 1235 683 1292; x_wconf 81' lang='lat' dir='ltr'><strong>causa3</strong></span> <span class='ocrx_word' id='word_1_48' title='bbox 703 1219 801 1297; x_wconf 84' lang='lat' dir='ltr'><strong>quoad</strong></span> <span class='ocrx_word' id='word_1_49' title='bbox 817 1219 902 1295; x_wconf 90' lang='lat' dir='ltr'><strong>alios,</strong></span> <span class='ocrx_word' id='word_1_50' title='bbox 917 1220 1086 1298; x_wconf 83' lang='lat' dir='ltr'><strong>inquorum</strong></span> <span class='ocrx_word' id='word_1_51' title='bbox 1107 1220 1284 1284; x_wconf 88' lang='lat' dir='ltr'><strong>emolumen-</strong></span> 
     </span>
     <span class='ocr_line' id='line_1_8' title="bbox 111 1314 1285 1395; baseline 0.002 -17"><span class='ocrx_word' id='word_1_52' title='bbox 111 1327 177 1381; x_wconf 89' lang='lat' dir='ltr'><strong>tum</strong></span> <span class='ocrx_word' id='word_1_53' title='bbox 199 1318 244 1381; x_wconf 87' lang='lat' dir='ltr'><strong>vel</strong></span> <span class='ocrx_word' id='word_1_54' title='bbox 268 1317 475 1380; x_wconf 80' lang='lat' dir='ltr'><strong>detrimentum</strong></span> <span class='ocrx_word' id='word_1_55' title='bbox 490 1318 606 1379; x_wconf 88' lang='lat' dir='ltr'><strong>cedunt.</strong></span> <span class='ocrx_word' id='word_1_56' title='bbox 623 1314 684 1379; x_wconf 87' lang='lat' dir='ltr'><strong>Sub</strong></span> <span class='ocrx_word' id='word_1_57' title='bbox 699 1317 791 1394; x_wconf 93' lang='lat' dir='ltr'><strong>prima</strong></span> <span class='ocrx_word' id='word_1_58' title='bbox 814 1317 995 1395; x_wconf 89' lang='lat' dir='ltr'><strong>habitudine,</strong></span> <span class='ocrx_word' id='word_1_59' title='bbox 1015 1319 1212 1380; x_wconf 90' lang='lat' dir='ltr'><strong>moralitatem</strong></span> <span class='ocrx_word' id='word_1_60' title='bbox 1228 1319 1285 1380; x_wconf 95' lang='lat' dir='ltr'><strong>im·</strong></span> 
     </span>
     <span class='ocr_line' id='line_1_9' title="bbox 109 1414 1284 1492; baseline -0.002 -16"><span class='ocrx_word' id='word_1_61' title='bbox 109 1422 245 1492; x_wconf 89' lang='lat' dir='ltr'><strong>portant;</strong></span> <span class='ocrx_word' id='word_1_62' title='bbox 267 1415 323 1477; x_wconf 92' lang='lat' dir='ltr'><strong>sub</strong></span> <span class='ocrx_word' id='word_1_63' title='bbox 351 1415 491 1487; x_wconf 90' lang='lat' dir='ltr'><strong>secunda,</strong></span> <span class='ocrx_word' id='word_1_64' title='bbox 517 1414 705 1492; x_wconf 85' lang='lat' dir='ltr'><strong>imputabiles</strong></span> <span class='ocrx_word' id='word_1_65' title='bbox 726 1414 872 1486; x_wconf 86' lang='lat' dir='ltr'><strong>evaduut;</strong></span> <span class='ocrx_word' id='word_1_66' title='bbox 900 1415 957 1476; x_wconf 89' lang='lat' dir='ltr'><strong>sub</strong></span> <span class='ocrx_word' id='word_1_67' title='bbox 985 1417 1082 1490; x_wconf 85' lang='lat' dir='ltr'><strong>tertia,</strong></span> <span class='ocrx_word' id='word_1_68' title='bbox 1112 1417 1210 1478; x_wconf 92' lang='lat' dir='ltr'><strong>meriti</strong></span> <span class='ocrx_word' id='word_1_69' title='bbox 1238 1416 1284 1478; x_wconf 85' lang='lat' dir='ltr'><strong>vel</strong></span> 
     </span>
     <span class='ocr_line' id='line_1_10' title="bbox 109 1510 1285 1594; baseline 0 -20"><span class='ocrx_word' id='word_1_70' title='bbox 109 1512 249 1574; x_wconf 87' lang='lat' dir='ltr'><strong>demeriti</strong></span> <span class='ocrx_word' id='word_1_71' title='bbox 271 1512 417 1576; x_wconf 90' lang='lat' dir='ltr'><strong>notionem</strong></span> <span class='ocrx_word' id='word_1_72' title='bbox 438 1512 572 1587; x_wconf 86' lang='lat' dir='ltr'><strong>induunt,</strong></span> <span class='ocrx_word' id='word_1_73' title='bbox 593 1527 669 1590; x_wconf 92' lang='lat' dir='ltr'><strong>quae</strong></span> <span class='ocrx_word' id='word_1_74' title='bbox 690 1512 762 1573; x_wconf 86' lang='lat' dir='ltr'><strong>nihil</strong></span> <span class='ocrx_word' id='word_1_75' title='bbox 776 1521 824 1574; x_wconf 91' lang='lat' dir='ltr'><strong>est</strong></span> <span class='ocrx_word' id='word_1_76' title='bbox 838 1512 917 1574; x_wconf 89' lang='lat' dir='ltr'><strong>aliud</strong></span> <span class='ocrx_word' id='word_1_77' title='bbox 939 1513 997 1575; x_wconf 89' lang='lat' dir='ltr'><strong>nisi</strong></span> <span class='ocrx_word' id='word_1_78' title='bbox 1018 1510 1181 1594; x_wconf 78' lang='lat' dir='ltr'><strong>Ooupruce</strong></span> <span class='ocrx_word' id='word_1_79' title='bbox 1194 1514 1285 1576; x_wconf 81' lang='lat' dir='ltr'><strong>retri-</strong></span> 
     </span>
     <span class='ocr_line' id='line_1_11' title="bbox 108 1606 1282 1688; baseline 0.002 -18"><span class='ocrx_word' id='word_1_80' title='bbox 108 1608 249 1672; x_wconf 75' lang='lat' dir='ltr'><strong>butionis</strong></span> <span class='ocrx_word' id='word_1_81' title='bbox 277 1609 442 1688; x_wconf 77' lang='lat' dir='ltr'><strong>exipentio.</strong></span> <span class='ocrx_word' id='word_1_82' title='bbox 466 1606 558 1673; x_wconf 89' lang='lat' dir='ltr'><strong>Porro</strong></span> <span class='ocrx_word' id='word_1_83' title='bbox 586 1610 750 1682; x_wconf 74' lang='lat' dir='ltr'><strong>retributio,</strong></span> <span class='ocrx_word' id='word_1_84' title='bbox 775 1626 852 1687; x_wconf 85' lang='lat' dir='ltr'><strong>quae</strong></span> <span class='ocrx_word' id='word_1_85' title='bbox 880 1612 986 1674; x_wconf 90' lang='lat' dir='ltr'><strong>merito</strong></span> <span class='ocrx_word' id='word_1_86' title='bbox 1013 1611 1144 1685; x_wconf 87' lang='lat' dir='ltr'><strong>debetur,</strong></span> <span class='ocrx_word' id='word_1_87' title='bbox 1173 1613 1282 1675; x_wconf 90' lang='lat' dir='ltr'><strong>dicitur</strong></span> 
     </span>
     <span class='ocr_line' id='line_1_12' title="bbox 107 1708 1162 1790; baseline 0.004 -22"><span class='ocrx_word' id='word_1_88' title='bbox 107 1709 305 1786; x_wconf 84' lang='lat' dir='ltr'><strong>proemium;</strong></span> <span class='ocrx_word' id='word_1_89' title='bbox 327 1708 493 1782; x_wconf 84' lang='lat' dir='ltr'><strong>retributio,</strong></span> <span class='ocrx_word' id='word_1_90' title='bbox 514 1723 589 1784; x_wconf 89' lang='lat' dir='ltr'><strong>quae</strong></span> <span class='ocrx_word' id='word_1_91' title='bbox 609 1708 732 1788; x_wconf 84' lang='lat' dir='ltr'><strong>debetur</strong></span> <span class='ocrx_word' id='word_1_92' title='bbox 753 1708 906 1782; x_wconf 90' lang='lat' dir='ltr'><strong>demerito,</strong></span> <span class='ocrx_word' id='word_1_93' title='bbox 927 1708 1035 1772; x_wconf 90' lang='lat' dir='ltr'><strong>dicitur</strong></span> <span class='ocrx_word' id='word_1_94' title='bbox 1049 1726 1162 1790; x_wconf 74' lang='lat' dir='ltr'><strong>poena</strong></span> 
     </span>
    </p>
   </div>
   <div class='ocr_carea' id='block_1_5' title="bbox 411 1881 863 2004">
    <p class='ocr_par' dir='ltr' id='par_1_5' title="bbox 411 1881 863 2004">
     <span class='ocr_line' id='line_1_13' title="bbox 411 1881 863 2004; baseline 0 -2"><span class='ocrx_word' id='word_1_95' title='bbox 411 1881 413 1888; x_wconf 54' lang='lat'>&gt;</span> <span class='ocrx_word' id='word_1_96' title='bbox 542 1935 863 2004; x_wconf 79' lang='lat' dir='ltr'><strong>PROPuslutthus.</strong></span> 
     </span>
    </p>
   </div>
   <div class='ocr_carea' id='block_1_6' title="bbox 109 2097 1349 4238">
    <p class='ocr_par' dir='ltr' id='par_1_6' title="bbox 110 2097 1286 2262">
     <span class='ocr_line' id='line_1_14' title="bbox 152 2097 1286 2181; baseline 0.001 -16"><span class='ocrx_word' id='word_1_97' title='bbox 152 2098 201 2165; x_wconf 82' lang='lat'><strong>61.</strong></span> <span class='ocrx_word' id='word_1_98' title='bbox 224 2099 399 2164; x_wconf 82' lang='lat' dir='ltr'><strong>Prorosmo</strong></span> <span class='ocrx_word' id='word_1_99' title='bbox 424 2097 465 2162; x_wconf 66' lang='lat'><strong>1³.</strong></span> <span class='ocrx_word' id='word_1_100' title='bbox 488 2097 591 2163; x_wconf 86' lang='lat' dir='ltr'><strong>Homo</strong></span> <span class='ocrx_word' id='word_1_101' title='bbox 612 2097 733 2164; x_wconf 73' lang='lat' dir='ltr'><strong>actions</strong></span> <span class='ocrx_word' id='word_1_102' title='bbox 753 2098 822 2163; x_wconf 79' lang='lat' dir='ltr'><strong>suis</strong></span> <span class='ocrx_word' id='word_1_103' title='bbox 839 2103 942 2181; x_wconf 79' lang='lat' dir='ltr'><strong>potest</strong></span> <span class='ocrx_word' id='word_1_104' title='bbox 962 2101 1049 2180; x_wconf 81' lang='lat' dir='ltr'><strong>apud</strong></span> <span class='ocrx_word' id='word_1_105' title='bbox 1067 2101 1147 2165; x_wconf 81' lang='lat' dir='ltr'><strong>otios</strong></span> <span class='ocrx_word' id='word_1_106' title='bbox 1172 2109 1286 2166; x_wconf 80' lang='lat' dir='ltr'><strong>mereri</strong></span> 
     </span>
     <span class='ocr_line' id='line_1_15' title="bbox 110 2199 339 2262; baseline -0.017 0"><span class='ocrx_word' id='word_1_107' title='bbox 110 2199 339 2262; x_wconf 69' lang='lat' dir='ltr'><strong>perueneram.</strong></span> 
     </span>
    </p>

    <p class='ocr_par' dir='ltr' id='par_1_7' title="bbox 110 2296 1349 2966">
     <span class='ocr_line' id='line_1_16' title="bbox 154 2296 1283 2376; baseline -0.002 -14"><span class='ocrx_word' id='word_1_108' title='bbox 154 2297 240 2362; x_wconf 92' lang='lat' dir='ltr'><strong>Prob.</strong></span> <span class='ocrx_word' id='word_1_109' title='bbox 263 2296 359 2361; x_wconf 92' lang='lat' dir='ltr'><strong>Homo</strong></span> <span class='ocrx_word' id='word_1_110' title='bbox 379 2297 496 2360; x_wconf 90' lang='lat' dir='ltr'><strong>actibus</strong></span> <span class='ocrx_word' id='word_1_111' title='bbox 518 2296 580 2358; x_wconf 89' lang='lat' dir='ltr'><strong>suis</strong></span> <span class='ocrx_word' id='word_1_112' title='bbox 602 2305 695 2374; x_wconf 87' lang='lat' dir='ltr'><strong>potest</strong></span> <span class='ocrx_word' id='word_1_113' title='bbox 716 2297 827 2376; x_wconf 89' lang='lat' dir='ltr'><strong>aliquid</strong></span> <span class='ocrx_word' id='word_1_114' title='bbox 849 2299 976 2373; x_wconf 87' lang='lat' dir='ltr'><strong>efficere,</strong></span> <span class='ocrx_word' id='word_1_115' title='bbox 998 2299 1079 2376; x_wconf 85' lang='lat' dir='ltr'><strong>quod</strong></span> <span class='ocrx_word' id='word_1_116' title='bbox 1105 2300 1135 2361; x_wconf 93' lang='lat' dir='ltr'><strong>iu</strong></span> <span class='ocrx_word' id='word_1_117' title='bbox 1163 2299 1283 2361; x_wconf 89' lang='lat' dir='ltr'><strong>alterius</strong></span> 
     </span>
     <span class='ocr_line' id='line_1_17' title="bbox 110 2395 1283 2476; baseline -0.002 -16"><span class='ocrx_word' id='word_1_118' title='bbox 110 2396 341 2460; x_wconf 89' lang='lat' dir='ltr'><strong>emolumentum</strong></span> <span class='ocrx_word' id='word_1_119' title='bbox 363 2395 461 2468; x_wconf 89' lang='lat' dir='ltr'><strong>cedat;</strong></span> <span class='ocrx_word' id='word_1_120' title='bbox 484 2395 554 2473; x_wconf 92' lang='lat' dir='ltr'><strong>quin</strong></span> <span class='ocrx_word' id='word_1_121' title='bbox 577 2395 614 2457; x_wconf 89' lang='lat' dir='ltr'><strong>ad</strong></span> <span class='ocrx_word' id='word_1_122' title='bbox 628 2396 668 2474; x_wconf 86' lang='lat' dir='ltr'><strong>id,</strong></span> <span class='ocrx_word' id='word_1_123' title='bbox 683 2395 817 2458; x_wconf 89' lang='lat' dir='ltr'><strong>mercede</strong></span> <span class='ocrx_word' id='word_1_124' title='bbox 839 2405 936 2474; x_wconf 89' lang='lat' dir='ltr'><strong>pacta,</strong></span> <span class='ocrx_word' id='word_1_125' title='bbox 958 2413 994 2459; x_wconf 86' lang='lat' dir='ltr'><strong>ex</strong></span> <span class='ocrx_word' id='word_1_126' title='bbox 1016 2397 1157 2476; x_wconf 83' lang='lat' dir='ltr'><strong>peculiari</strong></span> <span class='ocrx_word' id='word_1_127' title='bbox 1171 2396 1283 2474; x_wconf 82' lang='lat' dir='ltr'><strong>obliga-</strong></span> 
     </span>
     <span class='ocr_line' id='line_1_18' title="bbox 110 2493 1282 2586; baseline -0.003 -28"><span class='ocrx_word' id='word_1_128' title='bbox 110 2499 344 2586; x_wconf 64' lang='lat' dir='ltr'><strong>tiorreteueatur.</strong></span> <span class='ocrx_word' id='word_1_129' title='bbox 360 2493 392 2558; x_wconf 92' lang='lat' dir='ltr'><strong>ln</strong></span> <span class='ocrx_word' id='word_1_130' title='bbox 407 2509 441 2558; x_wconf 92' lang='lat' dir='ltr'><strong>eo</strong></span> <span class='ocrx_word' id='word_1_131' title='bbox 458 2509 528 2556; x_wconf 93' lang='lat' dir='ltr'><strong>casu</strong></span> <span class='ocrx_word' id='word_1_132' title='bbox 545 2493 744 2580; x_wconf 19' lang='lat' dir='ltr'><strong>ratiouordinis</strong></span> <span class='ocrx_word' id='word_1_133' title='bbox 758 2502 787 2556; x_wconf 91' lang='lat' dir='ltr'><strong>et</strong></span> <span class='ocrx_word' id='word_1_134' title='bbox 803 2494 920 2558; x_wconf 81' lang='lat' dir='ltr'><strong>debitae</strong></span> <span class='ocrx_word' id='word_1_135' title='bbox 939 2495 1133 2574; x_wconf 83' lang='lat' dir='ltr'><strong>proportionis</strong></span> <span class='ocrx_word' id='word_1_136' title='bbox 1154 2493 1282 2571; x_wconf 86' lang='lat' dir='ltr'><strong>postulat</strong></span> 
     </span>
     <span class='ocr_line' id='line_1_19' title="bbox 111 2579 1283 2672; baseline -0.003 -16"><span class='ocrx_word' id='word_1_137' title='bbox 111 2579 202 2668; x_wconf 64' lang='lat' dir='ltr'><strong>ntia,</strong></span> <span class='ocrx_word' id='word_1_138' title='bbox 223 2594 274 2672; x_wconf 92' lang='lat' dir='ltr'><strong>qui</strong></span> <span class='ocrx_word' id='word_1_139' title='bbox 296 2609 383 2669; x_wconf 90' lang='lat' dir='ltr'><strong>opera</strong></span> <span class='ocrx_word' id='word_1_140' title='bbox 404 2592 527 2655; x_wconf 87' lang='lat' dir='ltr'><strong>alterius</strong></span> <span class='ocrx_word' id='word_1_141' title='bbox 549 2600 655 2653; x_wconf 92' lang='lat' dir='ltr'><strong>auctus</strong></span> <span class='ocrx_word' id='word_1_142' title='bbox 675 2599 731 2666; x_wconf 86' lang='lat' dir='ltr'><strong>est,</strong></span> <span class='ocrx_word' id='word_1_143' title='bbox 752 2593 847 2656; x_wconf 85' lang='lat' dir='ltr'><strong>vicem</strong></span> <span class='ocrx_word' id='word_1_144' title='bbox 868 2591 911 2654; x_wconf 91' lang='lat' dir='ltr'><strong>illi</strong></span> <span class='ocrx_word' id='word_1_145' title='bbox 933 2593 1083 2670; x_wconf 89' lang='lat' dir='ltr'><strong>rependat,</strong></span> <span class='ocrx_word' id='word_1_146' title='bbox 1104 2609 1140 2654; x_wconf 93' lang='lat' dir='ltr'><strong>ac</strong></span> <span class='ocrx_word' id='word_1_147' title='bbox 1155 2599 1283 2654; x_wconf 88' lang='lat' dir='ltr'><strong>tautum-</strong></span> 
     </span>
     <span class='ocr_line' id='line_1_20' title="bbox 110 2689 1282 2768; baseline -0.003 -15"><span class='ocrx_word' id='word_1_148' title='bbox 110 2692 178 2754; x_wconf 91' lang='lat' dir='ltr'><strong>dem</strong></span> <span class='ocrx_word' id='word_1_149' title='bbox 202 2691 306 2752; x_wconf 90' lang='lat' dir='ltr'><strong>reddat</strong></span> <span class='ocrx_word' id='word_1_150' title='bbox 326 2690 461 2753; x_wconf 91' lang='lat' dir='ltr'><strong>debonis</strong></span> <span class='ocrx_word' id='word_1_151' title='bbox 476 2689 547 2761; x_wconf 89' lang='lat' dir='ltr'><strong>suis,</strong></span> <span class='ocrx_word' id='word_1_152' title='bbox 563 2697 705 2766; x_wconf 88' lang='lat' dir='ltr'><strong>quantum</strong></span> <span class='ocrx_word' id='word_1_153' title='bbox 727 2690 855 2766; x_wconf 76' lang='lat' dir='ltr'><strong>recepit,</strong></span> <span class='ocrx_word' id='word_1_154' title='bbox 876 2690 981 2752; x_wconf 88' lang='lat' dir='ltr'><strong>saltem</strong></span> <span class='ocrx_word' id='word_1_155' title='bbox 1001 2690 1099 2768; x_wconf 90' lang='lat' dir='ltr'><strong>ipsum</strong></span> <span class='ocrx_word' id='word_1_156' title='bbox 1114 2699 1282 2767; x_wconf 87' lang='lat' dir='ltr'><strong>compenset</strong></span> 
     </span>
     <span class='ocr_line' id='line_1_21' title="bbox 110 2787 1349 2868; baseline -0.002 -16"><span class='ocrx_word' id='word_1_157' title='bbox 110 2790 190 2868; x_wconf 79' lang='lat' dir='ltr'><strong>grati</strong></span> <span class='ocrx_word' id='word_1_158' title='bbox 211 2788 302 2850; x_wconf 92' lang='lat' dir='ltr'><strong>animi</strong></span> <span class='ocrx_word' id='word_1_159' title='bbox 323 2804 418 2850; x_wconf 85' lang='lat' dir='ltr'><strong>sensu.</strong></span> <span class='ocrx_word' id='word_1_160' title='bbox 434 2787 467 2850; x_wconf 94' lang='lat' dir='ltr'><strong>ld</strong></span> <span class='ocrx_word' id='word_1_161' title='bbox 483 2803 551 2849; x_wconf 89' lang='lat' dir='ltr'><strong>vero</strong></span> <span class='ocrx_word' id='word_1_162' title='bbox 566 2803 622 2850; x_wconf 94' lang='lat' dir='ltr'><strong>non</strong></span> <span class='ocrx_word' id='word_1_163' title='bbox 636 2794 682 2849; x_wconf 88' lang='lat' dir='ltr'><strong>est</strong></span> <span class='ocrx_word' id='word_1_164' title='bbox 696 2787 786 2862; x_wconf 90' lang='lat' dir='ltr'><strong>aliud,</strong></span> <span class='ocrx_word' id='word_1_165' title='bbox 810 2789 867 2850; x_wconf 88' lang='lat' dir='ltr'><strong>uisi</strong></span> <span class='ocrx_word' id='word_1_166' title='bbox 888 2789 968 2851; x_wconf 90' lang='lat' dir='ltr'><strong>actui</strong></span> <span class='ocrx_word' id='word_1_167' title='bbox 988 2788 1083 2851; x_wconf 89' lang='lat' dir='ltr'><strong>inesse</strong></span> <span class='ocrx_word' id='word_1_168' title='bbox 1104 2789 1281 2867; x_wconf 84' lang='lat' dir='ltr'><strong>exigentiam</strong></span> <span class='ocrx_word' id='word_1_169' title='bbox 1346 2800 1349 2806; x_wconf 87' lang='lat'>·</span> 
     </span>
     <span class='ocr_line' id='line_1_22' title="bbox 110 2885 541 2966; baseline -0.002 -17"><span class='ocrx_word' id='word_1_170' title='bbox 110 2888 246 2966; x_wconf 88' lang='lat' dir='ltr'><strong>praemii,</strong></span> <span class='ocrx_word' id='word_1_171' title='bbox 267 2902 371 2964; x_wconf 89' lang='lat' dir='ltr'><strong>nempe</strong></span> <span class='ocrx_word' id='word_1_172' title='bbox 394 2885 541 2948; x_wconf 87' lang='lat' dir='ltr'><strong>meritum.</strong></span> 
     </span>
    </p>

    <p class='ocr_par' dir='ltr' id='par_1_8' title="bbox 109 2982 1282 3358">
     <span class='ocr_line' id='line_1_23' title="bbox 153 2982 1282 3063; baseline -0.002 -17"><span class='ocrx_word' id='word_1_173' title='bbox 153 2982 323 3056; x_wconf 87' lang='lat' dir='ltr'><strong>Consimilis</strong></span> <span class='ocrx_word' id='word_1_174' title='bbox 344 2985 528 3047; x_wconf 81' lang='lat' dir='ltr'><strong>ratiocinatio</strong></span> <span class='ocrx_word' id='word_1_175' title='bbox 549 2984 601 3046; x_wconf 89' lang='lat' dir='ltr'><strong>fiat</strong></span> <span class='ocrx_word' id='word_1_176' title='bbox 623 2983 872 3061; x_wconf 83' lang='lat' dir='ltr'><strong>proaotionibus,</strong></span> <span class='ocrx_word' id='word_1_177' title='bbox 894 3000 970 3063; x_wconf 87' lang='lat' dir='ltr'><strong>quae</strong></span> <span class='ocrx_word' id='word_1_178' title='bbox 991 2994 1092 3047; x_wconf 90' lang='lat' dir='ltr'><strong>contra</strong></span> <span class='ocrx_word' id='word_1_179' title='bbox 1113 2986 1143 3046; x_wconf 92' lang='lat' dir='ltr'><strong>in</strong></span> <span class='ocrx_word' id='word_1_180' title='bbox 1161 2985 1282 3046; x_wconf 90' lang='lat' dir='ltr'><strong>alterius</strong></span> 
     </span>
     <span class='ocr_line' id='line_1_24' title="bbox 110 3079 1281 3161; baseline -0.003 -15"><span class='ocrx_word' id='word_1_181' title='bbox 110 3084 320 3147; x_wconf 83' lang='lat' dir='ltr'><strong>detrimentum</strong></span> <span class='ocrx_word' id='word_1_182' title='bbox 342 3089 475 3160; x_wconf 85' lang='lat' dir='ltr'><strong>vergunt.</strong></span> <span class='ocrx_word' id='word_1_183' title='bbox 498 3079 539 3144; x_wconf 92' lang='lat' dir='ltr'><strong>lis</strong></span> <span class='ocrx_word' id='word_1_184' title='bbox 560 3082 648 3156; x_wconf 88' lang='lat' dir='ltr'><strong>enim,</strong></span> <span class='ocrx_word' id='word_1_185' title='bbox 669 3096 705 3152; x_wconf 81' lang='lat' dir='ltr'><strong>er</strong></span> <span class='ocrx_word' id='word_1_186' title='bbox 726 3081 828 3144; x_wconf 88' lang='lat' dir='ltr'><strong>eodem</strong></span> <span class='ocrx_word' id='word_1_187' title='bbox 848 3082 960 3146; x_wconf 87' lang='lat' dir='ltr'><strong>ordinis</strong></span> <span class='ocrx_word' id='word_1_188' title='bbox 982 3082 1134 3161; x_wconf 86' lang='lat' dir='ltr'><strong>principio,</strong></span> <span class='ocrx_word' id='word_1_189' title='bbox 1150 3083 1281 3144; x_wconf 89' lang='lat' dir='ltr'><strong>debitum</strong></span> 
     </span>
     <span class='ocr_line' id='line_1_25' title="bbox 109 3180 1282 3258; baseline -0.003 -15"><span class='ocrx_word' id='word_1_190' title='bbox 109 3183 188 3243; x_wconf 90' lang='lat' dir='ltr'><strong>inest</strong></span> <span class='ocrx_word' id='word_1_191' title='bbox 209 3180 354 3242; x_wconf 90' lang='lat' dir='ltr'><strong>subeundi</strong></span> <span class='ocrx_word' id='word_1_192' title='bbox 375 3195 508 3258; x_wconf 87' lang='lat' dir='ltr'><strong>poenam,</strong></span> <span class='ocrx_word' id='word_1_193' title='bbox 532 3194 637 3256; x_wconf 90' lang='lat' dir='ltr'><strong>nempe</strong></span> <span class='ocrx_word' id='word_1_194' title='bbox 659 3189 691 3241; x_wconf 86' lang='lat' dir='ltr'><strong>ut</strong></span> <span class='ocrx_word' id='word_1_195' title='bbox 711 3182 823 3243; x_wconf 88' lang='lat' dir='ltr'><strong>auctori</strong></span> <span class='ocrx_word' id='word_1_196' title='bbox 847 3181 1030 3243; x_wconf 90' lang='lat' dir='ltr'><strong>tantumdem</strong></span> <span class='ocrx_word' id='word_1_197' title='bbox 1052 3182 1119 3242; x_wconf 92' lang='lat' dir='ltr'><strong>boni</strong></span> <span class='ocrx_word' id='word_1_198' title='bbox 1138 3181 1282 3256; x_wconf 86' lang='lat' dir='ltr'><strong>dematur,</strong></span> 
     </span>
     <span class='ocr_line' id='line_1_26' title="bbox 110 3277 808 3358; baseline -0.001 -18"><span class='ocrx_word' id='word_1_199' title='bbox 110 3285 252 3358; x_wconf 88' lang='lat' dir='ltr'><strong>quantum</strong></span> <span class='ocrx_word' id='word_1_200' title='bbox 275 3277 338 3355; x_wconf 89' lang='lat' dir='ltr'><strong>ipse</strong></span> <span class='ocrx_word' id='word_1_201' title='bbox 359 3277 445 3340; x_wconf 90' lang='lat' dir='ltr'><strong>alteri</strong></span> <span class='ocrx_word' id='word_1_202' title='bbox 467 3277 580 3339; x_wconf 89' lang='lat' dir='ltr'><strong>actione</strong></span> <span class='ocrx_word' id='word_1_203' title='bbox 602 3294 655 3339; x_wconf 87' lang='lat' dir='ltr'><strong>sua</strong></span> <span class='ocrx_word' id='word_1_204' title='bbox 676 3277 808 3340; x_wconf 87' lang='lat' dir='ltr'><strong>abstulit.</strong></span> 
     </span>
    </p>

    <p class='ocr_par' dir='ltr' id='par_1_9' title="bbox 109 3373 1283 4238">
     <span class='ocr_line' id='line_1_27' title="bbox 154 3373 1281 3456; baseline 0 -18"><span class='ocrx_word' id='word_1_205' title='bbox 154 3373 258 3438; x_wconf 85' lang='lat' dir='ltr'><strong>Noto:</strong></span> <span class='ocrx_word' id='word_1_206' title='bbox 280 3373 320 3440; x_wconf 90' lang='lat' dir='ltr'><strong>Ut</strong></span> <span class='ocrx_word' id='word_1_207' title='bbox 334 3377 400 3456; x_wconf 88' lang='lat' dir='ltr'><strong>quis</strong></span> <span class='ocrx_word' id='word_1_208' title='bbox 414 3376 493 3454; x_wconf 91' lang='lat' dir='ltr'><strong>apud</strong></span> <span class='ocrx_word' id='word_1_209' title='bbox 508 3376 635 3438; x_wconf 88' lang='lat' dir='ltr'><strong>alterum</strong></span> <span class='ocrx_word' id='word_1_210' title='bbox 651 3384 807 3449; x_wconf 89' lang='lat' dir='ltr'><strong>mereatur,</strong></span> <span class='ocrx_word' id='word_1_211' title='bbox 821 3392 898 3455; x_wconf 92' lang='lat' dir='ltr'><strong>opus</strong></span> <span class='ocrx_word' id='word_1_212' title='bbox 912 3392 968 3439; x_wconf 93' lang='lat' dir='ltr'><strong>nou</strong></span> <span class='ocrx_word' id='word_1_213' title='bbox 982 3384 1026 3438; x_wconf 90' lang='lat' dir='ltr'><strong>est</strong></span> <span class='ocrx_word' id='word_1_214' title='bbox 1039 3393 1076 3438; x_wconf 86' lang='lat' dir='ltr'><strong>ex</strong></span> <span class='ocrx_word' id='word_1_215' title='bbox 1090 3375 1170 3438; x_wconf 95' lang='lat' dir='ltr'><strong>nullo</strong></span> <span class='ocrx_word' id='word_1_216' title='bbox 1184 3377 1281 3438; x_wconf 88' lang='lat' dir='ltr'><strong>officio</strong></span> 
     </span>
     <span class='ocr_line' id='line_1_28' title="bbox 114 3471 1280 3552; baseline -0.003 -17"><span class='ocrx_word' id='word_1_217' title='bbox 114 3473 154 3535; x_wconf 91' lang='lat' dir='ltr'><strong>ad</strong></span> <span class='ocrx_word' id='word_1_218' title='bbox 175 3474 316 3536; x_wconf 85' lang='lat' dir='ltr'><strong>actionem</strong></span> <span class='ocrx_word' id='word_1_219' title='bbox 338 3473 544 3551; x_wconf 88' lang='lat' dir='ltr'><strong>praestandam</strong></span> <span class='ocrx_word' id='word_1_220' title='bbox 566 3473 728 3552; x_wconf 79' lang='lat' dir='ltr'><strong>adstringi;</strong></span> <span class='ocrx_word' id='word_1_221' title='bbox 746 3473 797 3534; x_wconf 84' lang='lat' dir='ltr'><strong>sad</strong></span> <span class='ocrx_word' id='word_1_222' title='bbox 819 3474 941 3548; x_wconf 88' lang='lat' dir='ltr'><strong>sufficit,</strong></span> <span class='ocrx_word' id='word_1_223' title='bbox 955 3483 988 3535; x_wconf 91' lang='lat' dir='ltr'><strong>ut</strong></span> <span class='ocrx_word' id='word_1_224' title='bbox 1001 3473 1072 3546; x_wconf 86' lang='lat' dir='ltr'><strong>dixi,</strong></span> <span class='ocrx_word' id='word_1_225' title='bbox 1087 3480 1120 3534; x_wconf 88' lang='lat' dir='ltr'><strong>ut</strong></span> <span class='ocrx_word' id='word_1_226' title='bbox 1141 3473 1178 3534; x_wconf 93' lang='lat' dir='ltr'><strong>ad</strong></span> <span class='ocrx_word' id='word_1_227' title='bbox 1199 3471 1280 3533; x_wconf 90' lang='lat' dir='ltr'><strong>illam</strong></span> 
     </span>
     <span class='ocr_line' id='line_1_29' title="bbox 111 3561 1281 3650; baseline -0.003 -16"><span class='ocrx_word' id='word_1_228' title='bbox 111 3588 151 3634; x_wconf 86' lang='lat' dir='ltr'><strong>ex</strong></span> <span class='ocrx_word' id='word_1_229' title='bbox 167 3570 303 3648; x_wconf 89' lang='lat' dir='ltr'><strong>peculiari</strong></span> <span class='ocrx_word' id='word_1_230' title='bbox 320 3579 473 3634; x_wconf 87' lang='lat' dir='ltr'><strong>contractu</strong></span> <span class='ocrx_word' id='word_1_231' title='bbox 488 3586 543 3634; x_wconf 92' lang='lat' dir='ltr'><strong>uon</strong></span> <span class='ocrx_word' id='word_1_232' title='bbox 560 3578 701 3644; x_wconf 88' lang='lat' dir='ltr'><strong>teneatur,</strong></span> <span class='ocrx_word' id='word_1_233' title='bbox 716 3561 834 3650; x_wconf 86' lang='lat' dir='ltr'><strong>recepta</strong></span> <span class='ocrx_word' id='word_1_234' title='bbox 852 3572 993 3635; x_wconf 87' lang='lat' dir='ltr'><strong>mercede.</strong></span> <span class='ocrx_word' id='word_1_235' title='bbox 1016 3568 1047 3634; x_wconf 89' lang='lat' dir='ltr'><strong>Si</strong></span> <span class='ocrx_word' id='word_1_236' title='bbox 1068 3571 1146 3633; x_wconf 90' lang='lat' dir='ltr'><strong>euim</strong></span> <span class='ocrx_word' id='word_1_237' title='bbox 1167 3570 1197 3631; x_wconf 88' lang='lat' dir='ltr'><strong>id</strong></span> <span class='ocrx_word' id='word_1_238' title='bbox 1218 3571 1281 3644; x_wconf 79' lang='lat' dir='ltr'><strong>liat,</strong></span> 
     </span>
     <span class='ocr_line' id='line_1_30' title="bbox 110 3665 1281 3758; baseline 0 -27"><span class='ocrx_word' id='word_1_239' title='bbox 110 3669 383 3758; x_wconf 69' lang='lat' dir='ltr'><strong>meritumnullum</strong></span> <span class='ocrx_word' id='word_1_240' title='bbox 404 3671 476 3743; x_wconf 89' lang='lat' dir='ltr'><strong>crit;</strong></span> <span class='ocrx_word' id='word_1_241' title='bbox 500 3665 652 3746; x_wconf 87' lang='lat' dir='ltr'><strong>propterea</strong></span> <span class='ocrx_word' id='word_1_242' title='bbox 674 3669 752 3746; x_wconf 85' lang='lat' dir='ltr'><strong>quod</strong></span> <span class='ocrx_word' id='word_1_243' title='bbox 775 3678 844 3733; x_wconf 91' lang='lat' dir='ltr'><strong>tunc</strong></span> <span class='ocrx_word' id='word_1_244' title='bbox 865 3671 942 3732; x_wconf 92' lang='lat' dir='ltr'><strong>actio</strong></span> <span class='ocrx_word' id='word_1_245' title='bbox 960 3668 1013 3743; x_wconf 89' lang='lat' dir='ltr'><strong>illi,</strong></span> <span class='ocrx_word' id='word_1_246' title='bbox 1028 3669 1157 3740; x_wconf 88' lang='lat' dir='ltr'><strong>incuius</strong></span> <span class='ocrx_word' id='word_1_247' title='bbox 1172 3669 1281 3731; x_wconf 89' lang='lat' dir='ltr'><strong>bonum</strong></span> 
     </span>
     <span class='ocr_line' id='line_1_31' title="bbox 111 3757 1281 3847; baseline -0.003 -16"><span class='ocrx_word' id='word_1_248' title='bbox 111 3768 201 3846; x_wconf 80' lang='lat' dir='ltr'><strong>cedit,</strong></span> <span class='ocrx_word' id='word_1_249' title='bbox 216 3757 326 3831; x_wconf 68' lang='lat' dir='ltr'><strong>directe</strong></span> <span class='ocrx_word' id='word_1_250' title='bbox 339 3767 470 3842; x_wconf 81' lang='lat' dir='ltr'><strong>debetur,</strong></span> <span class='ocrx_word' id='word_1_251' title='bbox 487 3777 639 3847; x_wconf 86' lang='lat' dir='ltr'><strong>tamquam</strong></span> <span class='ocrx_word' id='word_1_252' title='bbox 657 3767 768 3847; x_wconf 88' lang='lat' dir='ltr'><strong>aliquid</strong></span> <span class='ocrx_word' id='word_1_253' title='bbox 782 3769 821 3830; x_wconf 92' lang='lat' dir='ltr'><strong>ad</strong></span> <span class='ocrx_word' id='word_1_254' title='bbox 835 3769 915 3847; x_wconf 92' lang='lat' dir='ltr'><strong>quod</strong></span> <span class='ocrx_word' id='word_1_255' title='bbox 929 3769 976 3830; x_wconf 95' lang='lat' dir='ltr'><strong>ius</strong></span> <span class='ocrx_word' id='word_1_256' title='bbox 992 3767 1159 3846; x_wconf 88' lang='lat' dir='ltr'><strong>acquisivit.</strong></span> <span class='ocrx_word' id='word_1_257' title='bbox 1171 3764 1281 3840; x_wconf 83' lang='lat' dir='ltr'><strong>Quam-</strong></span> 
     </span>
     <span class='ocr_line' id='line_1_32' title="bbox 110 3865 1283 3945; baseline -0.001 -18"><span class='ocrx_word' id='word_1_258' title='bbox 110 3881 211 3945; x_wconf 85' lang='lat' dir='ltr'><strong>quam,</strong></span> <span class='ocrx_word' id='word_1_259' title='bbox 232 3881 266 3929; x_wconf 91' lang='lat' dir='ltr'><strong>eo</strong></span> <span class='ocrx_word' id='word_1_260' title='bbox 287 3867 376 3928; x_wconf 90' lang='lat' dir='ltr'><strong>etiam</strong></span> <span class='ocrx_word' id='word_1_261' title='bbox 397 3882 478 3940; x_wconf 90' lang='lat' dir='ltr'><strong>casu,</strong></span> <span class='ocrx_word' id='word_1_262' title='bbox 500 3867 552 3944; x_wconf 89' lang='lat' dir='ltr'><strong>qui</strong></span> <span class='ocrx_word' id='word_1_263' title='bbox 575 3867 718 3928; x_wconf 90' lang='lat' dir='ltr'><strong>actionem</strong></span> <span class='ocrx_word' id='word_1_264' title='bbox 742 3868 823 3944; x_wconf 88' lang='lat' dir='ltr'><strong>ponit</strong></span> <span class='ocrx_word' id='word_1_265' title='bbox 843 3867 949 3928; x_wconf 88' lang='lat' dir='ltr'><strong>mereri</strong></span> <span class='ocrx_word' id='word_1_266' title='bbox 965 3865 1080 3942; x_wconf 82' lang='lat' dir='ltr'><strong>poterit,</strong></span> <span class='ocrx_word' id='word_1_267' title='bbox 1098 3873 1218 3942; x_wconf 88' lang='lat' dir='ltr'><strong>propter</strong></span> <span class='ocrx_word' id='word_1_268' title='bbox 1232 3881 1283 3943; x_wconf 90' lang='lat' dir='ltr'><strong>pe-</strong></span> 
     </span>
     <span class='ocr_line' id='line_1_33' title="bbox 110 3961 1283 4042; baseline -0.001 -15"><span class='ocrx_word' id='word_1_269' title='bbox 110 3963 252 4027; x_wconf 90' lang='lat' dir='ltr'><strong>culiarem</strong></span> <span class='ocrx_word' id='word_1_270' title='bbox 267 3961 448 4042; x_wconf 80' lang='lat' dir='ltr'><strong>diligentiam</strong></span> <span class='ocrx_word' id='word_1_271' title='bbox 464 3963 510 4026; x_wconf 90' lang='lat' dir='ltr'><strong>rel</strong></span> <span class='ocrx_word' id='word_1_272' title='bbox 524 3963 702 4026; x_wconf 88' lang='lat' dir='ltr'><strong>celeritatem</strong></span> <span class='ocrx_word' id='word_1_273' title='bbox 719 3972 769 4026; x_wconf 89' lang='lat' dir='ltr'><strong>aut</strong></span> <span class='ocrx_word' id='word_1_274' title='bbox 785 3963 924 4026; x_wconf 86' lang='lat' dir='ltr'><strong>adiuncta</strong></span> <span class='ocrx_word' id='word_1_275' title='bbox 945 3963 1011 4038; x_wconf 89' lang='lat' dir='ltr'><strong>alia,</strong></span> <span class='ocrx_word' id='word_1_276' title='bbox 1029 3968 1144 4040; x_wconf 88' lang='lat' dir='ltr'><strong>praeter</strong></span> <span class='ocrx_word' id='word_1_277' title='bbox 1158 3978 1283 4026; x_wconf 89' lang='lat' dir='ltr'><strong>consue-</strong></span> 
     </span>
     <span class='ocr_line' id='line_1_34' title="bbox 110 4059 1283 4141; baseline -0.001 -17"><span class='ocrx_word' id='word_1_278' title='bbox 110 4074 172 4124; x_wconf 91' lang='lat' dir='ltr'><strong>tum</strong></span> <span class='ocrx_word' id='word_1_279' title='bbox 194 4061 325 4125; x_wconf 91' lang='lat' dir='ltr'><strong>ordinem</strong></span> <span class='ocrx_word' id='word_1_280' title='bbox 347 4062 521 4140; x_wconf 84' lang='lat' dir='ltr'><strong>conquisita.</strong></span> <span class='ocrx_word' id='word_1_281' title='bbox 538 4059 595 4124; x_wconf 87' lang='lat' dir='ltr'><strong>Sed</strong></span> <span class='ocrx_word' id='word_1_282' title='bbox 611 4062 732 4140; x_wconf 87' lang='lat' dir='ltr'><strong>quoties,</strong></span> <span class='ocrx_word' id='word_1_283' title='bbox 749 4062 828 4125; x_wconf 94' lang='lat' dir='ltr'><strong>nulla</strong></span> <span class='ocrx_word' id='word_1_284' title='bbox 846 4061 986 4139; x_wconf 89' lang='lat' dir='ltr'><strong>peculiari</strong></span> <span class='ocrx_word' id='word_1_285' title='bbox 1002 4061 1135 4138; x_wconf 91' lang='lat' dir='ltr'><strong>pactione</strong></span> <span class='ocrx_word' id='word_1_286' title='bbox 1151 4071 1283 4141; x_wconf 84' lang='lat' dir='ltr'><strong>cogente,</strong></span> 
     </span>
     <span class='ocr_line' id='line_1_35' title="bbox 109 4147 1281 4238; baseline -0.002 -18"><span class='ocrx_word' id='word_1_287' title='bbox 109 4159 176 4238; x_wconf 85' lang='lat' dir='ltr'><strong>quis</strong></span> <span class='ocrx_word' id='word_1_288' title='bbox 189 4160 220 4221; x_wconf 91' lang='lat' dir='ltr'><strong>in</strong></span> <span class='ocrx_word' id='word_1_289' title='bbox 234 4157 343 4221; x_wconf 92' lang='lat' dir='ltr'><strong>bonum</strong></span> <span class='ocrx_word' id='word_1_290' title='bbox 357 4159 479 4221; x_wconf 89' lang='lat' dir='ltr'><strong>alterius</strong></span> <span class='ocrx_word' id='word_1_291' title='bbox 495 4165 650 4236; x_wconf 91' lang='lat' dir='ltr'><strong>operatur;</strong></span> <span class='ocrx_word' id='word_1_292' title='bbox 671 4147 786 4222; x_wconf 81' lang='lat' dir='ltr'><strong>etiamsi</strong></span> <span class='ocrx_word' id='word_1_293' title='bbox 801 4159 932 4221; x_wconf 85' lang='lat' dir='ltr'><strong>officium</strong></span> <span class='ocrx_word' id='word_1_294' title='bbox 947 4158 1066 4237; x_wconf 90' lang='lat' dir='ltr'><strong>aliquod</strong></span> <span class='ocrx_word' id='word_1_295' title='bbox 1086 4169 1117 4221; x_wconf 92' lang='grc' dir='ltr'><strong>ει</strong></span> <span class='ocrx_word' id='word_1_296' title='bbox 1138 4160 1281 4238; x_wconf 81' lang='lat' dir='ltr'><strong>generalis</strong></span> 
     </span>
    </p>
   </div>
   <div class='ocr_carea' id='block_1_7' title="bbox 109 4256 1390 4346">
    <p class='ocr_par' dir='ltr' id='par_1_10' title="bbox 109 4256 1390 4346">
     <span class='ocr_line' id='line_1_36' title="bbox 109 4256 1390 4346; baseline -0.003 -24"><span class='ocrx_word' id='word_1_297' title='bbox 109 4257 252 4337; x_wconf 85' lang='lat' dir='ltr'><strong>obligatio</strong></span> <span class='ocrx_word' id='word_1_298' title='bbox 266 4256 296 4320; x_wconf 93' lang='lat' dir='ltr'><strong>id</strong></span> <span class='ocrx_word' id='word_1_299' title='bbox 311 4257 487 4335; x_wconf 87' lang='lat' dir='ltr'><strong>praecipiat;</strong></span> <span class='ocrx_word' id='word_1_300' title='bbox 506 4262 604 4319; x_wconf 90' lang='lat' dir='ltr'><strong>tamen</strong></span> <span class='ocrx_word' id='word_1_301' title='bbox 617 4256 681 4318; x_wconf 91' lang='lat' dir='ltr'><strong>cius</strong></span> <span class='ocrx_word' id='word_1_302' title='bbox 696 4257 773 4320; x_wconf 88' lang='lat' dir='ltr'><strong>actio</strong></span> <span class='ocrx_word' id='word_1_303' title='bbox 788 4258 930 4319; x_wconf 87' lang='lat' dir='ltr'><strong>rationem</strong></span> <span class='ocrx_word' id='word_1_304' title='bbox 945 4257 1042 4322; x_wconf 90' lang='lat' dir='ltr'><strong>meriti</strong></span> <span class='ocrx_word' id='word_1_305' title='bbox 1065 4274 1165 4328; x_wconf 84' lang='lat' dir='ltr'><strong>revera</strong></span> <span class='ocrx_word' id='word_1_306' title='bbox 1186 4257 1283 4319; x_wconf 86' lang='lat' dir='ltr'><strong>induit</strong></span> <span class='ocrx_word' id='word_1_307' title='bbox 1384 4339 1390 4346; x_wconf 20' lang='grc' dir='ltr'>ι</span> 
     </span>
    </p>
   </div>
   <div class='ocr_carea' id='block_1_8' title="bbox 188 4380 1220 4433">
    <p class='ocr_par' dir='ltr' id='par_1_11' title="bbox 188 4380 1220 4433">
     <span class='ocr_line' id='line_1_37' title="bbox 188 4380 1220 4433; baseline -0.002 -5"><span class='ocrx_word' id='word_1_308' title='bbox 188 4381 360 4433; x_wconf 75' lang='lat' dir='ltr'><strong>Lusunnnonu</strong></span> <span class='ocrx_word' id='word_1_309' title='bbox 371 4411 400 4421; x_wconf 87' lang='lat'><em>-</em></span> <span class='ocrx_word' id='word_1_310' title='bbox 413 4383 524 4430; x_wconf 84' lang='lat' dir='ltr'><strong>Etbicue</strong></span> <span class='ocrx_word' id='word_1_311' title='bbox 536 4390 560 4428; x_wconf 85' lang='lat' dir='ltr'><strong>et</strong></span> <span class='ocrx_word' id='word_1_312' title='bbox 576 4381 649 4430; x_wconf 82' lang='lat' dir='ltr'><strong>iuris</strong></span> <span class='ocrx_word' id='word_1_313' title='bbox 667 4388 792 4429; x_wconf 73' lang='lat' dir='ltr'><strong>araturae.</strong></span> <span class='ocrx_word' id='word_1_314' title='bbox 1205 4380 1220 4426; x_wconf 90' lang='lat'>5</span> 
     </span>
    </p>
   </div>
   <div class='ocr_carea' id='block_1_9' title="bbox 0 0 1584 4934">
    <p class='ocr_par' dir='ltr' id='par_1_12' title="bbox 0 0 1584 4934">
     <span class='ocr_line' id='line_1_38' title="bbox 0 0 1584 4934; baseline 0 0"><span class='ocrx_word' id='word_1_315' title='bbox 0 0 1584 4934; x_wconf 95' lang='lat' dir='ltr'><strong> </strong></span> 
     </span>
    </p>
   </div>
  </div>
 </body>
</html>
