3159 4934
823 317 962 359 traicit

732 543 1052 610 PROPOSITIONES.

347 721 394 786 71.-
417 723 591 788 Peorosrrro
615 723 656 788 1⁸.
680 722 861 800 Passiones,
882 743 944 805 per
970 743 1004 787 se
1030 726 1196 802 speotolee,
1215 742 1272 786 nee
1296 722 1393 786 donae
1420 740 1473 784 aee

307 821 407 884 molae
426 825 504 884 suut
523 821 702 900 mortalitem
723 825 800 886 sunt
813 841 894 898 oero,
916 825 1068 902 quolenus
1090 821 1253 900 imperium
1273 819 1409 884 rationes
1430 836 1472 880 se·

308 923 457 1000 quantur.

348 1017 434 1082 Proh.
446 1020 542 1097 prima
556 1035 634 1096 pars.
646 1017 810 1092 Passiones,
822 1026 922 1096 utpote
931 1018 968 1080 ad
985 1016 1120 1079 sensilem
1135 1024 1272 1080 naturam
1288 1018 1474 1094 pertinentes,

308 1132 361 1194 per
382 1133 415 1178 se
435 1133 529 1194 neque
550 1116 658 1180 ordinis
679 1117 941 1194 apprehensionem
962 1122 1136 1193 sequuntur,
1151 1130 1244 1193 neque
1258 1130 1295 1176 ex
1308 1113 1402 1176 libera
1424 1113 1477 1175 ele-

308 1213 404 1275 ctione
425 1215 597 1276 exeitantur.
613 1211 670 1278 Sed
691 1213 844 1277 moralitas
864 1228 900 1275 eu
922 1219 1005 1290 parte
1026 1213 1132 1276 obiecti
1153 1212 1285 1290 proeedit
1307 1213 1346 1274 ab
1370 1226 1476 1289 appre-

309 1311 446 1374 hensione
460 1312 581 1393 ordinis,
595 1328 631 1374 ex
646 1319 729 1390 parte
743 1328 813 1375 vero
827 1312 951 1374 subiecti
966 1312 1108 1374 fundatur
1122 1312 1151 1373 in
1166 1312 1307 1374 exercitio
1320 1309 1475 1372 libertatis.

309 1406 389 1488 Ergo
411 1410 607 1486 passionibus,
624 1426 675 1488 per
696 1426 728 1473 se
749 1411 899 1487 inspeetis,
914 1409 992 1472 nulla
1013 1409 1089 1471 inest
1109 1409 1272 1482 moralitas,
1287 1424 1340 1471 seu
1361 1409 1477 1471 bonitas

310 1505 356 1568 vel
378 1507 498 1570 malitia.

349 1601 435 1667 Proh.
448 1606 575 1668 seeunda
590 1621 668 1684 pars.
681 1603 843 1679 Passiones,
855 1614 940 1683 prout
953 1606 1136 1682 imperantur
1146 1621 1163 1666 a
1175 1605 1296 1677 ratione,
1307 1604 1474 1666 libertatem

309 1705 497 1786 participant,
508 1712 538 1766 et
551 1704 765 1776 ordinationem
778 1703 914 1781 prineipii
929 1719 1015 1781 aquo
1031 1711 1194 1765 moventur.
1206 1701 1300 1780 Atqui
1314 1717 1351 1764 en
1366 1701 1478 1764 ordinis

309 1801 549 1878 apprehensione,
571 1809 706 1879 respectu
726 1809 813 1865 aetus
834 1802 930 1874 liberi,
951 1808 1107 1878 generatur
1129 1801 1289 1864 moralitas.
1308 1798 1387 1879 Ergo
1409 1815 1478 1876 pas-

309 1897 415 1974 siones
431 1908 518 1974 prout
538 1899 660 1975 imperio
675 1907 705 1961 et
724 1900 820 1963 ordini
840 1899 963 1962 rationis
983 1898 1162 1972 subduntur,
1177 1898 1370 1961 moralitatem
1383 1898 1479 1975 parti-

310 1995 419 2074 cipant,
435 2012 488 2058 seu
507 1997 599 2060 bonae
621 2006 689 2059 sunt
710 1997 756 2059 vel
778 1997 881 2059 malae.

351 2092 399 2156 Ad
420 2109 482 2155 rem
504 2092 534 2157 S.
552 2091 697 2157 Thomas:
714 2091 904 2158 «Passiones
924 2097 1039 2157 animae
1059 2096 1218 2173 dupliciter
1239 2102 1365 2172 possunt
1384 2095 1480 2156 oonsi-

310 2189 417 2253 derari.
432 2188 497 2254 Uno
510 2193 607 2266 modo,
622 2193 783 2254 seeundum
803 2209 843 2255 se.
860 2193 929 2256 Alio
942 2195 1038 2268 modo,
1054 2194 1215 2256 seeundum
1229 2194 1311 2271 quod
1326 2193 1481 2255 subiacent

309 2285 432 2366 imperio
455 2289 576 2352 rationis
597 2297 627 2352 et
648 2289 815 2353 voluntatis.
837 2288 867 2354 Si
889 2292 981 2370 igitur
1002 2291 1163 2353 meandum
1185 2307 1216 2353 se
1244 2290 1481 2363 considerantur,

311 2395 397 2463 prout
412 2386 525 2450 scilieet
545 2397 614 2450 sunt
629 2396 725 2450 motus
740 2388 861 2466 quidam
883 2389 1060 2453 irrationalis
1074 2392 1233 2466 appetitus,
1249 2390 1291 2450 sie
1313 2406 1371 2451 non
1391 2397 1438 2450 est
1452 2389 1481 2449 iu

310 2485 353 2546 eis
374 2484 483 2546 bonum
504 2485 549 2548 vel
570 2485 680 2548 malum
702 2487 821 2563 morale,
836 2487 915 2564 quod
936 2486 1078 2565 dependet
1099 2503 1116 2547 a
1138 2489 1259 2563 ratione,
1275 2495 1308 2548 ut
1330 2502 1423 2564 supra
1438 2486 1481 2547 di·

310 2588 392 2642 etum
413 2590 465 2643 est.
482 2580 513 2645 Si
533 2592 631 2646 autem
653 2584 886 2656 considerantur,
908 2585 1067 2645 seeundum
1085 2586 1165 2662 quod
1186 2585 1338 2646 subiacent
1356 2583 1482 2661 imperio

312 2679 434 2741 rationis
455 2689 483 2742 et
504 2681 673 2756 voluntatis,
695 2682 738 2744 sie
759 2690 807 2743 est
827 2683 856 2743 in
877 2682 920 2743 eis
942 2683 1050 2744 honum
1072 2682 1119 2744 vel
1140 2682 1251 2744 malum
1272 2682 1393 2745 morale.
1410 2679 1484 2743 Pro

311 2776 448 2854 pinquiur
462 2781 538 2840 enim
559 2788 604 2841 est
618 2781 767 2857 appetitus
789 2780 946 2842 sensitivus
967 2780 1024 2857 ipsi
1039 2780 1145 2842 rationi
1167 2789 1197 2842 et
1219 2779 1375 2853 voluntati;
1389 2795 1484 2857 quam

312 2874 444 2936 membra
464 2877 619 2950 exteriora,
632 2893 758 2956 quorum
780 2886 877 2939 mmen
898 2884 996 2940 motus
1018 2885 1048 2939 et
1068 2886 1154 2940 aetus
1176 2885 1246 2940 sunt
1267 2878 1335 2940 boni
1350 2876 1395 2939 vel
1412 2876 1484 2939 mali

310 2970 471 3044 moraliter,
486 2974 646 3036 seeundum
667 2975 745 3052 quod
761 2985 830 3037 sunt
845 2975 1011 3054 voluntarii.
1028 2973 1112 3038 Unde
1134 2975 1226 3038 multo
1243 2977 1340 3054 magis
1354 2983 1384 3036 et
1398 2975 1485 3052 ipsae

311 3071 473 3146 passiones,
495 3072 655 3133 seeundum
676 3073 754 3148 qnod
775 3082 845 3135 sunt
869 3073 1060 3152 voluntariae,
1082 3083 1206 3151 possunt
1230 3075 1289 3136 diei
1315 3076 1407 3137 bonae
1436 3075 1486 3135 vel

312 3167 407 3229 malae
428 3168 587 3231 moraliter.
602 3167 748 3233 llieuntur
769 3179 866 3234 auum
889 3172 1081 3246 voluntariae,
1095 3173 1141 3236 rel
1155 3189 1191 3236 ex
1207 3172 1334 3251 eoquod
1348 3187 1363 3232 a
1379 3169 1488 3233 volun·

313 3271 372 3326 tate
394 3265 586 3341 imperantur,
606 3269 652 3330 vel
672 3283 707 3329 ex
729 3282 764 3330 eo
785 3269 864 3346 quod
885 3285 902 3329 a
924 3269 1075 3332 voluntate
1097 3286 1152 3332 non
1173 3271 1367 3348 prohihentur
1386 3266 1444 3346 (l).
1469 3289 1486 3323 a

352 3361 400 3426 ta.
422 3362 596 3442 Pnorosnro
618 3361 662 3427 2⁸.
681 3363 851 3428 Passiones
872 3367 906 3427 o'o
926 3366 1047 3430 bomine
1074 3371 1165 3447 eperat
1191 3367 1400 3431 moderamine
1431 3384 1488 3428 ro·

314 3463 416 3525 tionis.

354 3558 440 3623 Proh.
462 3558 546 3634 Quod
568 3561 687 3623 interius
707 3571 762 3635 est,
783 3572 850 3641 eget
866 3556 1068 3626 moderamine
1090 3564 1226 3640 principii
1255 3563 1426 3643 superioris,
1453 3573 1487 3627 ul

314 3663 385 3724 ordo
400 3662 555 3724 subsistat.
571 3659 627 3724 Sed
643 3662 791 3740 passiones
805 3662 834 3722 in
848 3661 967 3724 homine
979 3669 1112 3740 spectant
1127 3662 1163 3723 ad
1175 3672 1289 3740 partem
1304 3662 1487 3736 interiorem,

312 3775 415 3838 rrempe
435 3761 614 3833 sensitivam,
634 3768 664 3822 et
685 3759 817 3836 superior
838 3776 908 3837 pars
935 3760 1062 3821 hominis
1087 3768 1132 3822 est
1159 3760 1283 3833 ratio,a
1309 3777 1367 3838 qua
1393 3761 1489 3824 homo

315 3859 440 3934 speeiem
461 3859 620 3937 accipitet
642 3859 669 3920 vi
692 3857 776 3920 ouius
798 3873 815 3919 a
841 3858 936 3920 brutis
965 3857 1197 3920 discriminatur.
1219 3857 1299 3937 Ergo
1329 3858 1488 3936 passiones

314 3958 345 4019 in
365 3958 480 4020 homine
501 3967 586 4038 egent
601 3957 758 4034 temperari
779 3956 920 4034 regimine
939 3955 1066 4016 rationis.
1082 3954 1246 4030 Praeterea,
1263 3957 1414 4032 passiones
1430 3971 1489 4032 per

316 4071 347 4118 se
367 4070 471 4117 eaesae
492 4065 559 4118 sunt
579 4064 609 4117 et
628 4055 759 4119 ordinem
782 4070 838 4116 non
860 4052 1040 4130 percipiunt3
1056 4050 1111 4114 sed'
1128 4060 1271 4130 quantum
1294 4059 1418 4129 possunt
1434 4066 1491 4129 pe-

364 4269 398 4330 ss)
417 4269 528 4316 Summo
547 4266 581 4314 rb.
598 4266 632 4314 l?
649 4265 696 4314 ΖΜ
715 4281 737 4328 q.
754 4263 845 4322 XXIV,
861 4279 883 4312 a.
901 4265 922 4311 l.
