3159 4934
286 339 370 382 aanor
389 340 413 380 n.
434 341 468 382 nn
486 339 651 382 oraaaurone
669 341 779 383 raumara
799 342 883 386 neuun
902 344 1054 387 oenmarua
1071 346 1098 387 m
1116 346 1193 388 rrum
1291 335 1326 390 63

153 471 242 534 quam
266 471 321 517 non
344 456 392 517 sit.
413 452 494 534 Ergo
514 464 601 518 actus
621 456 743 532 homiui,
764 455 855 520 libere
875 459 983 536 agenti,
997 459 1061 522 iure
1081 460 1325 538 imputarun'dd

154 568 216 616 rem
231 553 261 618 S.
278 551 425 617 Thomas:
448 552 559 618 «Tune
580 543 665 617 aot'us
685 555 851 636 imputatur
872 557 980 635 agenti,
1001 559 1178 669 quandoeet
1200 560 1231 621 in
1245 569 1326 638 pote-

153 659 231 714 state
253 652 363 729 ipsius;
383 653 425 714 ita
442 653 521 730 quud
542 652 650 715 habeat
671 653 833 715 dominium
849 655 898 715 sui
911 662 1006 717 actus.
1031 654 1095 718 Hoc
1110 649 1209 729 andem
1229 665 1274 720 est
1295 660 1324 721 in

152 750 291 812 omnibus
311 749 428 813 actibus
450 749 624 836 uoluntatis3
647 752 715 828 quia
731 765 783 828 per
797 753 978 815 voluntatem
992 756 1080 817 homo
1101 755 1261 818 dominium
1277 758 1325 818 sni

151 855 239 909 aetus
260 848 350 910 habet
365 845 416 926 (i).
432 870 450 900 »
461 843 474 895 ‘t
488 849 516 944 ³)
1041 919 1042 924 ἵ

197 943 329 1023 idipsum
351 952 433 1024 patet
453 961 471 1007 a
493 946 584 1024 signo.
601 944 690 1020 Nam,
703 962 771 1009 eum
785 947 855 1025 quis
876 963 912 1009 ne
926 947 1004 1011 actio
1022 949 1078 1025 ipsi
1099 951 1261 1028 imputetur
1274 967 1324 1015 oa·

154 1061 223 1108 vere
243 1044 359 1116 nitituc;
380 1060 437 1107 uon
455 1043 545 1107 aliam
565 1045 783 1108 exeusationem
799 1046 894 1122 affert,
916 1045 976 1107 nisi
993 1047 1070 1124 quod
1086 1046 1160 1109 liber
1180 1048 1209 1110 in
1223 1064 1257 1111 ea
1272 1066 1324 1129 pa·

155 1143 258 1205 manda
280 1157 336 1206 non
356 1142 455 1216 fuerit,
476 1142 537 1206 sive
552 1150 671 1220 propter
691 1144 886 1230 ignorandum
902 1144 964 1206 sive
979 1152 1100 1226 propter
1110 1146 1321 1232 impotentiam.

152 1240 199 1304 Ex
220 1257 278 1320 qno
300 1239 442 1317 implicite
462 1241 570 1302 fatetur
591 1241 655 1303 iure
674 1249 775 1304 aetum
797 1242 835 1304 iis
856 1242 1008 1319 imputari,
1031 1245 1083 1320 qui
1103 1259 1140 1309 er
1161 1245 1321 1332 deiparam
1371 1293 1381 1312 .

151 1339 304 1402 voluntate
324 1345 491 1416 operantur.

192 1409 506 1499 SNJrommoffi
528 1433 584 1497 Ea
609 1435 814 1516 imputatione
834 1440 923 1498 actas
943 1435 1012 1498 iure
1032 1435 1103 1500 laus
1127 1442 1186 1502 aad
1203 1439 1322 1521 uitupe-

147 1535 236 1596 re‘um
258 1533 392 1614 amerpit.

193 1630 279 1696 Proh.
296 1629 370 1694 Cum
394 1632 472 1696 actio
492 1648 549 1694 non
571 1639 741 1710 utcumque,
756 1631 895 1694 nimirum
910 1633 1034 1711 physice
1049 1641 1163 1695 mutum
1178 1644 1321 1712 spectata,

149 1731 206 1793 sed
227 1737 261 1792 ut
281 1731 387 1793 affecta
410 1729 586 1808 moralitate,
608 1745 659 1791 seu
688 1736 720 1791 ut
740 1731 864 1792 honesta
891 1739 935 1792 est
956 1730 1001 1792 vel
1030 1732 1134 1808 turpis,
1161 1733 1322 1810 imputetur

125 1879 129 1886 .
150 1828 277 1901 hominm
293 1827 382 1890 homo
403 1844 471 1916 vere
485 1828 687 1890 consideratur
701 1835 853 1904 tamquam
868 1835 972 1890 auctor
985 1829 1120 1907 propriae
1136 1813 1334 1907 perfeetionis*
1396 1894 1400 1902 ,
1432 1869 1455 1885 η

149 1927 198 1989 vel
217 1915 430 2003 „turpitudinis”
441 1913 594 2004 'iu'ipenero
609 1913 825 1992 morumiHino
841 1925 933 1987 oritur
957 1932 987 1986 ut
1002 1927 1090 1990 homo
1106 1927 1328 1993 existimatione
1427 1921 1460 2012 J*

148 2023 197 2086 rel
219 2031 388 2101 contemptu
405 2023 444 2084 sit
466 2023 582 2102 dignus,
603 2031 633 2085 et
652 2023 768 2084 laudem
788 2022 833 2085 vel
850 2023 1094 2100 vituperationem
1115 2033 1346 2105 consequatur'u
1367 2056 1405 2094 a„
1480 2045 1483 2055 ²
1520 2039 1524 2046 ’

149 2121 293 2200 Apposite
314 2117 344 2182 S.
359 2118 505 2184 Thomas:
527 2119 675 2184 «Euhoe
690 2121 799 2184 dieitur
813 2127 897 2182 actus
911 2120 1076 2200 culpabilis,
1091 2123 1136 2186 vel
1152 2124 1332 2199 laudabilis·
1350 2166 1374 2189 ..a
1499 2187 1502 2196 ,

147 2219 230 2298 quod
253 2219 417 2296 imputatur
437 2221 545 2298 agenti.
560 2217 643 2282 Nihil
656 2221 733 2282 enim
747 2229 794 2282 est
807 2218 888 2281 aliud
901 2219 1015 2282 laudari
1031 2220 1078 2283 rel
1092 2221 1215 2298 culpari,
1229 2239 1318 2301 quam
1329 2240 1341 2276 κ
1371 2211 1376 2228 ’
1390 2279 1393 2283 ,

148 2316 294 2394 imputari
315 2316 403 2378 alicui
425 2317 569 2378 malitiam
591 2317 637 2380 vel
659 2317 818 2379 bonitatem
840 2317 885 2378 sui
907 2325 992 2380 actus
1007 2314 1057 2396 (2).
1073 2342 1091 2376 s
1373 2304 1380 2323 ¹

146 2398 246 2479 ,58
256 2408 433 2478 Puerosrrm
449 2411 493 2475 4².
509 2411 587 2476 Eat
599 2411 827 2494 importabiliter
841 2431 910 2476 oum
922 2413 1100 2478 moralitate
1114 2434 1233 2495 semper
1246 2403 1317 2480 eoa·
1398 2422 1406 2435 ‘

122 2526 130 2563 5
148 2510 310 2592 immanior,
330 2509 371 2574 ab
391 2497 448 2574 itta
472 2515 574 2574 tamem
593 2509 749 2592 distimpot'
769 2508 862 2575 debet.
1341 2522 1347 2599 ᾗ

189 2607 277 2673 Proh.
300 2609 494 2688 coniungitur
515 2610 644 2688 quidem,
672 2611 741 2688 quia
764 2611 844 2692 nulla
869 2610 955 2673 actio·
972 2613 1089 2688 proprie
1109 2613 1231 2676 moralis
1250 2632 1318 2680 esse
1340 2602 1343 2611 ’

150 2715 260 2785 potest,
273 2709 330 2770 nisi
345 2711 385 2771 sit
399 2709 486 2772 etiam
500 2708 602 2770 libera.
617 2706 674 2770 Est
687 2709 764 2769 onim
782 2709 904 2770 libertas
918 2708 1092 2771 elementum
1106 2710 1190 2784 illud,
1208 2728 1244 2774 ex
1258 2730 1317 2792 quo

147 2806 245 2868 oritur
259 2815 293 2868 ut
307 2807 378 2871 ordo
393 2807 513 2870 rationis
528 2805 708 2870 voluntatem
723 2807 841 2868 afficere
854 2814 884 2868 et
897 2807 926 2868 iu
941 2807 1067 2881 actibus,
1082 2809 1186 2884 quial)
1199 2811 1316 2874 homine

151 2905 237 2980 fiunt,
260 2889 356 2966 inesse
378 2905 477 2982 possit.
492 2902 632 2968 Similiter
652 2903 730 2966 aetio
750 2903 830 2965 nulia
844 2903 936 2967 libera
952 2903 981 2966 in
1002 2905 1156 2971 individuo
1173 2910 1317 2986 exsurgit,

146 3003 221 3080 quin
243 2991 342 3080 aliqua
362 3003 526 3066 moralitate
546 3002 717 3066 instruatur.
734 3000 773 3066 Ut
786 3003 864 3064 enim
880 3018 969 3081 supra
985 3002 1056 3077 dixi,
1070 3005 1148 3068 aetio
1168 3005 1198 3068 iu
1213 3006 1318 3068 indivi-

148 3101 309 3178 damonae
330 3099 497 3162 indifferens
519 3101 567 3180 sit,
582 3115 638 3162 non
658 3101 754 3161 datur.
770 3097 923 3163 Moralitas
944 3101 1035 3178 igitur
1055 3109 1083 3162 et
1101 3101 1316 3179 imputabilitas

109 3265 116 3282 ,
144 3199 176 3260 iu
197 3199 313 3262 actione
334 3199 462 3266 humana
493 3213 608 3276 semper
633 3197 845 3260 consociantur.
867 3195 1010 3261 Coniundi
1037 3214 1188 3262 veronen
1209 3200 1316 3262 debent
1354 3256 1356 3259 ,

143 3297 223 3360 inter
245 3312 295 3368 se;
315 3296 385 3374 quia
406 3295 557 3374 utriusque
578 3295 666 3376 notio,
689 3303 721 3357 ut
741 3311 778 3357 ex
799 3295 887 3358 dictis
907 3304 996 3375 patet,
1018 3294 1132 3358 diversa
1153 3296 1312 3360 admodum

142 3402 203 3457 est.
218 3391 312 3458 Immo
325 3395 414 3456 etiam
431 3393 607 3472 quandoque
622 3399 718 3470 potest
732 3393 821 3455 alicui
841 3394 982 3470 imputari
997 3396 1084 3472 actio,
1099 3396 1169 3472 quin
1183 3394 1314 3456 eiusdem

146 3491 298 3554 moralitas
319 3493 495 3570 imputetur3
517 3492 543 3556 si
564 3493 638 3555 forte
652 3493 684 3554 is
705 3492 779 3556 liber
801 3495 830 3556 in
852 3509 886 3556 ea
907 3493 1050 3556 exerenda
1071 3493 1169 3566 fuerit,
1184 3493 1236 3556 sed
1250 3493 1315 3555 eius

147 3589 290 3652 malitiam
312 3600 431 3670 propter
451 3593 645 3671 ignorantiam
671 3607 726 3654 non
752 3592 920 3655 adverterit.
944 3589 1096 3683 Praeterea
1124 3598 1221 3668 potest
1246 3593 1315 3669 quis

144 3686 327 3767 investigare
348 3689 475 3766 primum
491 3707 527 3752 au
548 3689 626 3753 actio
646 3690 819 3767 imputanda
841 3690 881 3751 sit
895 3679 1010 3767 agenti(
1023 3696 1052 3752 et
1066 3682 1204 3766 deinceps
1217 3689 1313 3767 inqui-

144 3799 212 3848 rere
232 3795 332 3849 utrum
354 3789 476 3850 honesta
499 3787 539 3850 sit
559 3789 605 3850 vel
628 3789 729 3866 turpis.
750 3786 835 3862 Quod
855 3796 934 3850 certe
955 3789 1016 3850 fieri
1039 3788 1181 3866 nequiret,
1203 3789 1228 3850 si
1251 3803 1314 3851 mo·

140 3882 249 3946 ralitas
270 3899 338 3946 cum
361 3884 592 3963 imputabilitate
613 3892 840 3949 converteretur.

192 4113 228 4174 (l)
246 4113 359 4162 Sarnmo
377 4115 413 4163 tit.
428 4113 463 4164 l.a
477 4113 524 4162 2¹²⁸
542 4129 564 4177 q.
580 4113 646 4172 xxi,
664 4129 686 4162 a.
702 4113 724 4162 2.

191 4193 227 4255 (2)
243 4193 344 4244 Ibidem.
