3159 4934
281 310 367 359 saror
385 319 411 360 u.
430 317 465 360 ns
483 318 648 361 orsaurroun
666 319 776 360 nunaut
796 317 882 361 nacor
899 317 1050 360 onomarua
1068 319 1096 360 uu
1114 318 1191 360 riusa
1290 307 1323 360 ti
1347 279 1352 295 ’

151 432 245 510 telligi
272 440 380 510 potest;
409 441 494 510 prout
515 426 618 510 nempe
639 449 655 494 a
677 431 814 508 Robinct,
838 432 883 494 vel
906 449 922 493 a
944 433 1111 494 recentibus
1132 431 1326 512 Pbreoologis

149 530 327 608 explicatur.
348 529 410 604 Ille,
432 528 573 592 Sensismi
594 530 685 607 elapsi
708 530 817 592 saeculi
839 530 951 592 deliriis
971 531 1147 610 exagitatus
1168 531 1322 606 iodicium,

149 644 211 706 qtae
232 629 342 691 bonurn
363 645 380 689 a
402 627 479 690 malo
499 628 685 702 discernitur,
700 631 798 691 sensui
814 629 930 691 cuidam
953 629 1066 691 interno
1088 629 1200 704 tribuit,
1220 631 1327 692 ceteris

150 727 284 804 quinque
305 725 500 788 exterioribus
521 725 707 804 analogoAit
728 728 805 788 enim
826 735 976 790 auctorem
1002 733 1124 790 naturae
1146 728 1230 790 nobis
1250 728 1328 790 indi-

151 824 236 886 disse
257 823 478 918 dispositionem
492 824 652 902 quamdam
668 825 810 902 probandi
825 824 978 888 nonnullas
996 822 1133 898 actiones,
1148 833 1237 902 atque
1251 826 1326 887 alias

151 907 341 1001 reprobandi.
364 918 448 984 Hanc
470 922 699 998 dispositionem,
721 939 811 1001 qnam
832 924 1006 1021 instinctum
1025 921 1165 984 moralem
1186 922 1326 1022 appellat,

151 1037 211 1084 non
233 1035 297 1083 csse
318 1019 399 1081 aliud
420 1019 478 1082 nisi
499 1037 617 1083 sensum
640 1021 796 1098 quemdam
812 999 1000 1093 interiorem?
1011 1038 1062 1098 qur
1051 1002 1205 1098 optime
1206 1020 1324 1082 assimi-

151 1119 234 1180 latur
249 1118 350 1196 gustui
366 1117 461 1179 dulcis
481 1125 510 1180 et
531 1119 632 1180 amari
648 1117 722 1180 Eius
738 1134 839 1181 vocem
858 1134 922 1180 esse
937 1125 1114 1212 promptam
1134 1117 1261 1190 facilem,
1281 1117 1326 1178 in·

151 1215 316 1292 laudibilem,
341 1232 393 1278 nec
407 1217 445 1278 ab
458 1217 524 1277 idea
540 1216 600 1277 ulla
615 1224 667 1278 aut
681 1216 902 1278 ratiocinatione
916 1215 1068 1279 anteverti.
1084 1211 1186 1277 Turn
1181 1215 1323 1293 organum

149 1315 183 1378 ei
204 1293 367 1387 o'onstituit,
386 1313 464 1392 quod
486 1314 595 1376 morale
616 1316 756 1375 nominat.
778 1312 818 1376 Et
838 1314 974 1391 quamvis
994 1315 1126 1390 ignotum
1148 1313 1189 1374 sit
1209 1312 1259 1374 nbi
1282 1327 1329 1373 re-

151 1412 259 1485 sideat,
277 1418 373 1473 tamen
393 1412 546 1488 probabile
568 1420 651 1489 putat
672 1412 745 1474 illud
767 1413 867 1489 reponi
882 1413 911 1473 in
927 1413 1013 1474 tibris
1033 1412 1210 1489 quibusdam
1230 1427 1328 1474 mora-

152 1510 246 1583 libus,
263 1509 293 1570 in
315 1509 435 1572 cerebro
456 1509 676 1583 exsistentibus,
692 1527 766 1587 quae
787 1510 957 1573 relationem
979 1510 1108 1572 babeant
1128 1526 1195 1572 eum
1217 1526 1327 1588 organo

151 1608 235 1670 visus
258 1615 288 1669 et
312 1607 440 1668 auditus.
463 1602 585 1669 Obiecta
606 1609 693 1683 euim,
716 1624 790 1685 qnae
812 1608 866 1670 hos
887 1624 992 1670 sensus
1013 1606 1177 1686 impellunt,
1199 1607 1324 1672 honesta

149 1714 207 1769 aut
222 1706 317 1782 turpia
333 1721 350 1766 a
372 1701 455 1767 uobis
478 1706 663 1782 potissimum
686 1706 854 1768 iudicantur
867 1703 917 1784 (l).

197 1801 274 1866 Huic
285 1804 372 1864 affine
386 1810 431 1864 est
446 1811 642 1866 commentum
655 1801 916 1881 Pbreuologorum,
927 1804 1004 1880 apud
1019 1819 1095 1882 quos
1109 1804 1140 1865 io
1155 1801 1250 1866 Gallia
1265 1818 1328 1864 ma-

152 1902 348 1976 terialismus,
364 1917 380 1961 a
396 1899 580 1978 pbilosopbia
595 1901 793 1979 propulsatus,
811 1891 978 1964 indecorum
1000 1903 1056 1964 sibi
1077 1901 1193 1980 asylum
1208 1901 1326 1964 invenit.

150 1996 195 2061 Hi
218 1999 351 2060 diversas
373 1998 526 2060 facultates
549 1998 676 2067 morales
692 2014 744 2075 per
759 2001 881 2061 totidem
903 2002 1048 2063 numanae
1069 2000 1170 2062 calvae
1192 2002 1327 2077 protube-

150 2097 285 2160 rationes
301 2102 330 2157 et
345 2097 456 2163 cerebri
472 2098 714 2159 conformationes
728 2097 890 2175 explicaut;
904 2115 921 2159 a
936 2099 1045 2176 quibus
1059 2098 1126 2160 illae
1146 2098 1329 2175 dependeant

149 2195 185 2256 in
207 2191 366 2271 operabdo,
387 2201 420 2255 ut
440 2194 524 2255 visus
546 2194 583 2256 ab
603 2194 697 2268 oculo,
719 2205 748 2256 et
769 2194 888 2256 auditus
906 2197 945 2258 ab
959 2212 1038 2258 aure.
1058 2193 1172 2258 Exinde
1193 2196 1328 2273 singulos

150 2293 293 2356 homines
307 2291 344 2352 ad
360 2292 502 2354 actionem
518 2308 605 2354 unam
621 2294 727 2370 potius,
742 2309 831 2370 qoam
846 2293 944 2370 aliam,
959 2295 1133 2355 exerendam
1149 2295 1208 2356 vim
1228 2294 1329 2355 sortiri
1406 2328 1409 2335 ,

151 2391 212 2463 sic,
235 2398 267 2451 ut
282 2389 319 2451 ad
333 2403 384 2450 eas
398 2389 574 2452 necessitate
589 2406 764 2481 organorum
779 2398 809 2452 et
824 2391 961 2478 conflicto
975 2399 1080 2476 mutuo
1094 2392 1329 2468 propensionum

149 2489 194 2548 iis
211 2489 379 2558 affixarum,
398 2461 641 2548 determinentur
657 2485 763 2561 Quare,
784 2488 931 2550 fatalismo
945 2465 1072 2566 quodam
1092 2489 1218 2560 invecto,
1233 2503 1329 2549 mora·

148 2585 270 2646 litatem
292 2599 408 2667 ornnem
430 2599 446 2645 e
468 2585 562 2646 medio
578 2585 697 2661 pellunt,
712 2602 747 2646 ac
762 2586 808 2648 vel
822 2586 1008 2648 atrocissima
1024 2585 1151 2646 facinora
1172 2593 1327 2648 excusant.

137 2679 254 2744 -His
268 2681 422 2759 explicatis
436 2681 515 2743 nullo
529 2684 644 2760 negotio
660 2684 753 2744 tbesis
767 2686 932 2760 propositae
947 2685 1056 2745 veritas
1070 2684 1233 2746 innotescit.
1250 2683 1329 2747 Nam

149 2779 296 2845 Robineti
317 2778 456 2856 opinatio,
480 2786 539 2842 tota
560 2789 669 2857 quanta
691 2789 746 2855 est,
767 2782 797 2843 in
819 2779 965 2844 Sensismo
985 2782 1140 2854 fundatum
1162 2799 1249 2860 quem
1271 2782 1330 2845 late

146 2880 185 2940 in
209 2874 405 2954 Psycbologia
428 2877 628 2940 refutavimus.
645 2877 759 2941 Insania
778 2895 847 2941 vero
863 2877 1120 2958 Pbrenologorum,
1136 2889 1252 2958 praeter
1266 2895 1331 2944 sen-

145 2975 292 3046 sismum,
307 2974 487 3036 iatalismum
501 2974 624 3049 inducit,
640 2977 809 3039 discrimine
823 2977 899 3038 inter
914 2978 1022 3040 bonurn
1036 2987 1066 3039 et
1080 2979 1191 3039 malum
1207 2995 1330 3056 prorsus

148 3069 319 3152 ablatoffll.
335 3070 402 3146 Sed,
424 3081 457 3134 ut
478 3076 639 3150 generatim
661 3090 721 3137 rem
743 3076 988 3147 demonstremus,
1002 3075 1128 3137 dicimus
1149 3077 1330 3154 impossibile

203 3303 237 3362 (1)
254 3301 294 3349 De
310 3301 338 3349 la
349 3309 458 3355 nature,
470 3301 509 3350 liv.
523 3301 554 3350 V.

175 3415 181 3430 .
204 3381 238 3443 (2)
255 3382 342 3438 Quoad
360 3383 500 3431 vanitatem
518 3382 704 3445 Phrenologiae
720 3383 804 3431 recole
825 3397 890 3446 quae
911 3383 1017 3431 diximus
1035 3385 1059 3430 in
1079 3383 1253 3446 Psycbolopr'a
1269 3397 1291 3431 c.
1306 3381 1331 3435 2.

150 3467 207 3512 art.
216 3461 239 3510 2.
250 3461 418 3511 Nihilominus
434 3461 475 3511 bie
491 3477 537 3524 per
550 3471 716 3512 transennam
733 3464 866 3512 adiicimus
878 3464 1058 3512 auctoritatem
1067 3463 1208 3526 Mogendie,
1220 3463 1261 3524 qui
1273 3461 1331 3510 licet

151 3545 185 3592 iu
203 3554 248 3588 sua
263 3540 426 3604 physiologia
443 3556 495 3589 non
515 3556 607 3604 parum
628 3543 837 3591 materialismnm
853 3543 928 3602 oleat,
943 3550 1029 3590 tamen
1050 3543 1080 3590 de
1102 3543 1271 3604 craniologico
1286 3555 1331 3603 sy·

150 3627 266 3672 stemate
278 3622 313 3670 sic
325 3621 423 3670 scribit:
440 3639 454 3667 a
466 3621 501 3670 Le
519 3621 694 3684 Phrenologie,
709 3623 921 3686 pseudo-sciense
933 3621 963 3669 de
976 3637 1022 3670 nos
1035 3621 1117 3686 jours,
1128 3637 1225 3670 comme
1235 3621 1330 3669 etaient

147 3701 270 3762 nagreae
285 3701 450 3764 l'astrologie,
460 3701 484 3749 la
501 3702 685 3759 necromancia
697 3700 837 3761 l'elclrimie,
848 3702 954 3765 pretend
970 3701 1086 3752 loculiser
1102 3703 1166 3751 dans
1183 3701 1205 3750 le
1222 3716 1330 3750 cerveau

148 3781 193 3830 les
211 3780 323 3829 diverses
341 3787 424 3830 sortes
441 3781 472 3828 de
488 3783 635 3842 memoires3
653 3783 716 3830 mais
733 3797 774 3830 ses
788 3783 879 3832 ,efforts
897 3797 925 3831 se
941 3782 1072 3832 reduisent
1088 3787 1105 3832 a
1121 3783 1165 3831 des
1182 3781 1332 3835 assertione.

148 3860 199 3925 qui
216 3875 248 3908 ne
265 3861 426 3910 soutiennent
441 3875 487 3924 pas
503 3877 537 3910 uu
559 3862 638 3910 istaut
658 3861 789 3910 l'exumen.
806 3863 856 3911 Les
879 3862 1055 3926 crauologues,
1071 3866 1088 3910 a
1103 3862 1128 3910 la
1143 3864 1194 3909 tete
1211 3861 1242 3909 de
1259 3861 1331 3925 quels
1425 3885 1429 3890 ·

148 3938 235 3990 escle
253 3940 360 3989 docteur
376 3941 439 4000 Gall,
455 3947 517 3990 voni
534 3943 664 4005 beaucoup
688 3941 744 4005 plus
764 3942 833 4002 loin;
854 3941 884 4010 ils
903 3942 1043 4006 n'aspirsnt
1059 3944 1075 3989 a
1090 3941 1144 3989 rien
1166 3941 1258 4002 moins,
1273 3941 1332 4004 qu'b

150 4021 312 4071 determines·
328 4020 364 4069 les
380 4023 507 4083 capacites
519 4021 707 4070 intellectuelles
719 4036 764 4084 par
781 4023 806 4071 la
821 4022 1007 4071 conformatiou
1024 4021 1068 4070 des
1086 4025 1183 4081 crepes,
1194 4028 1220 4070 st
1230 4030 1331 4072 surtout

148 4115 202 4165 par·
219 4098 255 4148 les
273 4099 366 4150 saillies
382 4101 475 4150 locales
492 4102 534 4165 qui
552 4101 589 4164 s'y
600 4107 771 4163 remerquent.
783 4101 824 4150 Un
836 4102 919 4163 grand
930 4100 1133 4150 mathematicieu
1145 4101 1211 4164 offre-
1220 4103 1331 4150 certaiue

146 4180 280 4230 elevatius
293 4195 344 4228 non
356 4179 406 4230 loin
418 4181 450 4232 de
461 4180 567 4239 l’orbite,
580 4180 641 4229 c'est
658 4181 690 4238 la,
702 4180 758 4228 n'en
775 4177 866 4229 doutez
879 4181 957 4245 point,
968 4181 1051 4245 qn’est
1060 4181 1175 4244 l'organe
1191 4181 1225 4230 du
1240 4181 1331 4231 calcul.
1399 4201 1406 4213 ·

146 4260 194 4310 Un
210 4261 301 4310 artiste
317 4261 416 4310 celebre
432 4276 448 4310 a
466 4261 523 4311 telle
541 4263 616 4310 besse
633 4275 665 4309 au
684 4259 760 4318 frent,
777 4259 840 4309 c'est
858 4262 881 4311 le
898 4263 981 4324 qu'est
996 4263 1020 4312 le
1036 4263 1106 4325 siege
1123 4263 1154 4311 de
1171 4277 1219 4310 son
1235 4261 1329 4311 taient!
