3159 4934
311 297 365 356 aot
631 310 672 354 rus
690 311 815 354 maronae
832 329 841 339 -
861 311 928 353 reos
945 312 970 353 11.
989 311 1032 354 rus
1049 309 1158 354 εοοιως

310 423 494 488 sterilitatem
517 423 651 502 coniugis
672 440 728 487 nou
748 423 837 486 liceat
856 438 922 486 eam
941 423 1089 486 dimittere
1109 431 1139 486 et
1158 423 1247 486 aliam
1268 423 1375 486 ducere
1390 419 1449 502 (1).
1466 443 1487 478 »

276 587 277 590 ,
311 520 391 586 Idem
406 523 522 586 dicatur
536 523 562 583 si
577 521 685 585 coniux
699 528 840 599 perpetuo
859 521 962 584 rnorbo
974 520 1121 585 laboraret
1134 529 1187 583 aut
1201 520 1314 583 socium
1330 519 1488 582 malitiose

311 621 468 682 desereret.
484 618 552 682 Etsi
571 620 649 682 enim
670 619 708 681 ad
729 627 827 682 cetera
848 619 1032 683 incommoda
1053 619 1213 699 generatim
1234 617 1364 681 cavenda
1384 625 1487 696 atque

310 718 347 779 ad
369 718 504 802 vitandas
525 717 654 794 fraudes,
675 732 751 796 qnae
772 716 899 796 irrepere
919 725 1051 795 possent,
1063 724 1093 780 et
1114 716 1301 780 sollicitiores
1314 715 1343 777 in
1358 716 1488 794 proprio

310 815 406 878 officio
432 815 622 879 continendos
649 815 799 894 coniuges,
825 815 911 894 longe
937 815 1117 878 conformius
1145 814 1251 880 rationi
1280 813 1430 887 rideatur,
1454 822 1488 875 ut

309 913 399 975 etiam
426 913 456 974 in
480 913 563 975 bisce
589 919 641 974 aut
661 912 864 975 consimilibus
884 912 1002 976 casibus
1022 911 1174 975 vinculum
1195 909 1348 989 coniugale
1367 910 1486 974 resolvi

309 1026 365 1073 non
387 1010 505 1083 debeam
528 1017 624 1073 tamen
645 1012 702 1074 boc
722 1026 779 1073 oon
801 1009 967 1074 absolutam
987 1010 1204 1082 necessitatem,
1217 1009 1269 1070 sed
1284 999 1394 1070 tantum
1416 1023 1485 1070 ma-

308 1107 399 1170 iorem
422 1116 548 1169 naturae
576 1108 797 1187 congruentiam
822 1108 970 1171 includere
991 1107 1051 1170 diei
1071 1114 1179 1186 posset,
1199 1121 1237 1168 ex
1260 1121 1320 1184 qua
1340 1106 1480 1184 legitima

309 1205 471 1267 auctoritas
492 1205 529 1266 ad
550 1220 615 1267 eam
637 1204 872 1283 praecipiendam
898 1205 1046 1283 sapienter
1074 1210 1234 1268 moveatur.
1253 1201 1353 1277 Quare
1374 1203 1486 1266 dcere·

309 1302 417 1365 terium
432 1310 720 1381 argumentumque
734 1303 869 1366 absolute
882 1302 1068 1380 probatorio
1082 1302 1163 1365 nullo
1182 1317 1256 1365 casn
1277 1301 1396 1380 nuptias
1409 1317 1483 1365 esse

308 1399 458 1474 solubiles,
472 1415 508 1461 ex
522 1399 586 1478 lege
600 1399 768 1479 euangelica
782 1400 960 1462 desumitur:
976 1401 1005 1461 in
1026 1418 1085 1478 qua
1106 1399 1327 1463 matrimonium
1340 1406 1483 1461 erectum

309 1497 412 1559 estad
433 1497 636 1560 excellentiam
658 1495 849 1575 sacramenti,
870 1496 1104 1560 indissolubilem
1127 1495 1238 1560 Christi
1259 1512 1329 1560 eunt
1343 1494 1482 1559 Ecclesia

308 1595 486 1658 functionem
507 1595 711 1673 significantis.
723 1591 775 1658 'Sic
789 1595 866 1656 enirn
888 1595 1057 1673 coniugium
1072 1594 1194 1657 nativae
1215 1609 1286 1656 snae
1307 1592 1484 1672 perfectioni

310 1693 478 1755 restitutum
491 1700 547 1766 est,
562 1709 597 1756 ac
615 1700 695 1755 tanta
710 1693 851 1756 firmitate
865 1693 1016 1768 donatum,
1031 1699 1062 1755 ut
1083 1708 1119 1755 ex
1141 1692 1220 1756 nulla
1242 1708 1331 1755 causa
1352 1693 1482 1755 rescindi

308 1790 407 1869 quoad
421 1790 570 1854 vinculum
589 1790 689 1868 possit.
705 1786 798 1870 Unde,
814 1799 847 1854 ut
860 1791 956 1869 inquit
969 1790 1140 1869 Apostolus,
1161 1790 1276 1871 nonnisi
1297 1796 1392 1852 morte
1405 1789 1478 1852 alte

311 1889 423 1950 nutrius
435 1889 568 1966 coniugis
580 1887 738 1967 dirimitur,
753 1896 841 1966 atque
855 1888 963 1952 iterum
977 1889 1104 1951 nubendi
1118 1889 1154 1950 fit
1166 1888 1294 1950 facultas
1310 1885 1360 1966 (2).
1371 1885 1475 1959 immo,

311 1993 344 2048 nt
364 1986 428 2064 ipse
449 1983 588 2048 Christus
608 1988 651 2049 ait
670 1987 700 2049 in
713 1985 884 2066 Evangelio,
898 1988 957 2048 iam
978 2003 995 2048 a
1018 1987 1120 2049 mundi
1139 1986 1260 2050 exordio
1281 1987 1338 2048 boe
1355 1998 1475 2062 praeee-

309 2094 393 2164 ptum
408 2099 425 2145 a
443 2082 506 2148 Deo
520 2085 623 2148 datum
636 2085 747 2148 bomini
761 2075 900 2165 luir,'nec
915 2085 971 2147 nisi
986 2086 1023 2147 ob
1039 2085 1236 2162 pervicaciam
1251 2083 1342 2146 animi
1355 2081 1471 2145 ludaeis

309 2184 339 2246 in
358 2182 423 2262 lege
444 2184 535 2246 veteri
555 2183 713 2261 repudium
728 2184 830 2247 uxoris
843 2181 875 2245 in
895 2183 957 2246 sola
972 2183 1106 2246 adulterii
1123 2197 1213 2245 causa
1229 2182 1404 2260 permissum
1418 2189 1477 2242 est.

309 2279 369 2344 Sed
390 2289 502 2343 remota
522 2280 740 2359 imperfectione
753 2280 871 2344 illorum
885 2289 1061 2358 temporum,
1074 2287 1106 2342 et
1123 2279 1242 2342 bomine
1262 2279 1291 2340 vi
1312 2279 1427 2356 gratiae
1442 2277 1479 2339 ad

309 2378 394 2457 longe
409 2378 579 2442 nobiliorem
594 2379 725 2441 ordinem
740 2378 878 2456 adducto,
900 2385 1123 2441 consentaneum
1137 2377 1193 2441 fnit
1209 2384 1242 2438 ut
1256 2376 1479 2438 matrimonium

309 2478 348 2538 ad
375 2477 555 2554 primitivam
578 2477 631 2539 sni
657 2477 870 2540 iustitutionem
899 2484 1097 2549 revocaretur,
1122 2484 1211 2554 atque
1237 2475 1275 2540 ad
1298 2474 1479 2552 completam

311 2574 448 2652 propriae
474 2583 595 2637 naturae
623 2575 839 2652 perfectionem,
866 2591 942 2653 qnae
967 2573 1077 2636 vinculi
1097 2572 1320 2652 perpetuitatem
1343 2572 1478 2651 requirit

310 2669 402 2749 idque
422 2687 455 2734 eo
476 2673 684 2750 congruentius
704 2670 780 2734 effici
802 2673 907 2752 potuit,
934 2671 1012 2751 qued
1033 2669 1124 2750 Deus,
1146 2670 1216 2733 dum
1237 2670 1382 2733 eiusmodi
1409 2681 1483 2734 onus

310 2769 577 2845 imponitioterna
598 2771 698 2843 etiam,
719 2784 773 2846 ope
800 2769 923 2848 gratiae,
950 2768 1059 2831 auxilia
1081 2768 1240 2842 ministrat,
1260 2769 1371 2846 quibus
1393 2767 1480 2831 facile

312 2866 483 2942 perferatur.

688 2999 865 3064 Solvuntur
884 2998 1095 3081 difficultates.

352 3157 397 3222 15.
420 3157 512 3224 Odiic.
527 3160 549 3225 Ι.
565 3159 784 3226 Matrimonium
799 3162 977 3241 estquidam
992 3168 1170 3226 contractus.
1187 3159 1280 3237 Atqui
1296 3160 1398 3222 omnis
1413 3173 1484 3222 eon·

311 3263 435 3332 tractus,
456 3256 534 3321 sicut
554 3274 694 3322 consensu
716 3259 898 3323 voluntatum
923 3260 1126 3340 adstringitur,
1147 3260 1191 3323 sic
1210 3259 1313 3321 eodem
1335 3273 1483 3321 consenso

311 3354 447 3418 solvitur.
467 3354 548 3434 Ergo
569 3356 692 3420 solubile
707 3363 752 3419 est
767 3357 996 3420 matrimonium.
1520 3437 1524 3445 .

350 3450 386 3516 R.
401 3449 486 3515 Dist.
501 3453 584 3516 mci:
600 3451 821 3517 Matrimonium
838 3462 883 3518 est
897 3463 1075 3530 contractus,
1096 3453 1257 3518 consimilis
1272 3460 1399 3516 naturae
1412 3469 1482 3538 cum

309 3549 386 3628 aliis,
403 3567 497 3629 nepe·
518 3551 563 3613 sni
585 3551 710 3629 generis,
730 3549 871 3614 sudditi:
886 3561 933 3616 est
947 3568 1025 3621 mere
1039 3560 1217 3632 contractus,
1233 3567 1330 3629 ,τερα
1344 3557 1391 3612 est
1414 3567 1484 3614 con-

312 3653 425 3708 tractus
439 3646 571 3711 elevatus
585 3647 616 3711 in
629 3647 692 3726 lege
706 3649 873 3728 evangelica
888 3651 926 3712 ad
941 3651 1124 3714 nobilitatem
1138 3647 1327 3725 sacramenti,
1339 3649 1482 3713 concedo.

357 3803 393 3863 (1)
410 3804 449 3852 De
464 3805 651 3859 Matrimonia,
667 3804 682 3853 l.
693 3806 711 3861 Ι.
723 3821 744 3856 e.
754 3804 777 3856 l.

357 3885 391 3947 (2)
407 3885 444 3934 En
460 3887 531 3937 Pauli
549 3887 627 3936 verba
644 3886 676 3935 ad
687 3886 826 3947 Romanos,
838 3903 859 3936 e.
869 3889 897 3936 7:
909 3889 979 3939 Nam
991 3902 1060 3950 quoe
1069 3890 1120 3937 sub
1130 3889 1190 3938 viro
1206 3896 1245 3937 est
1255 3888 1366 3940 mulier,
1378 3888 1482 3936 etanta

259 4031 260 4036 1
309 3963 378 4017 viro,
394 3966 509 4029 alligata
523 3977 561 4016 eat
577 3967 644 4031 legi:
665 3968 690 4015 si
710 3973 799 4016 autem
815 3977 940 4016 mortuus
960 3969 1050 4031 fuerit
1064 3969 1109 4016 nir
1123 3967 1188 4020 cites,
1205 3968 1321 4017 liberata
1335 3976 1376 4017 est
1389 3983 1409 4018 a
1426 3969 1481 4029 lege

310 4041 373 4090 viri.
389 4043 491 4105 Igitur,
511 4047 612 4094 uiuente
632 4047 701 4101 ciro,
718 4047 858 4096 vocabitur
872 4047 1006 4100 adultera,
1022 4048 1048 4095 si
1065 4047 1151 4109 suerit
1166 4062 1230 4096 erem
1249 4049 1306 4096 alio
1324 4048 1395 4098 ciro.
1415 4048 1482 4098 Tum

312 4119 392 4183 prima
407 4122 439 4169 ad
455 4122 604 4182 Corinthios,
620 4140 640 4174 c.
657 4127 684 4174 'fr
702 4126 741 4174 It‘s
757 4134 858 4180 autem,
875 4127 924 4189 qui
943 4127 1119 4174 matrimonio
1135 4126 1225 4175 iuncti
1249 4136 1325 4181 sunt.
1339 4126 1483 4192 praccipio

311 4213 367 4246 non
383 4211 439 4260 epo,
456 4202 499 4249 red
514 4203 656 4256 Dominus,
670 4219 783 4254 umorem
800 4220 817 4254 a
833 4205 894 4254 viro
912 4220 967 4253 nott
978 4205 1123 4264 discedere,·
1135 4207 1208 4268 quod
1218 4207 1244 4254 si
1253 4207 1414 4263 discesserit,
1427 4224 1484 4256 mo·

311 4291 375 4325 nere
390 4277 545 4342 innuptam,
561 4289 611 4330 aut
626 4283 686 4331 viro
700 4299 748 4333 auo
762 4285 944 4335 reconciliari.
957 4287 991 4334 Et
1001 4287 1045 4335 eir
1055 4301 1170 4335 umorem
1180 4301 1237 4336 teon
1248 4289 1380 4339 dimittat.
