3159 4934
440 320 524 364 curun
542 319 566 362 u.
586 323 621 362 nc
640 319 780 364 sociarum
799 321 876 362 crvrnr
1188 305 1241 361 287

64 437 205 516 tesquieu
219 451 321 500 earum
336 435 543 499 efficacitatem
566 451 740 514 magnopere
761 435 1035 518 afflmdmatione
1057 434 1190 512 pendere,
1211 441 1243 496 et

68 537 244 615 plerumque
259 533 369 596 malum
391 533 476 613 longe
497 534 605 608 levius,
620 535 706 597 modo
721 542 754 596 ut
775 548 867 611 poena
887 532 1084 612 concipiatur,
1104 531 1241 594 eumdem
1348 612 1352 617 Ι

65 641 222 711 praestare
233 633 372 695 edentum
388 630 543 694 aemulum
560 631 687 710 gravius,
698 630 777 710 qnod
791 636 910 708 propter
922 621 1141 692 assuetudinem
1157 631 1239 706 parvi

68 731 214 809 pendatur
229 729 280 809 (l).
295 730 393 809 Atque
407 730 439 793 id
454 745 488 792 eo
504 731 601 807 mame
613 729 710 791 locum
725 729 825 807 hahet,
839 743 898 806 quo
914 727 1039 806 populus
1059 728 1162 790 maiori
1177 727 1241 790 cul-

63 838 137 889 tura
151 828 285 900 donatur,
300 843 336 890 ac
350 827 409 891 rim
430 827 594 890 honestatis
609 827 736 888 vividius
751 826 952 904 apprehendit.
968 823 1060 889 Secus
1080 826 1170 888 nimia
1194 842 1240 888 se·

66 927 194 988 veritate
213 942 316 988 sensus
338 925 438 1005 populi
458 925 639 1006 obtunditur,
653 932 684 986 et
696 924 807 987 frustra
822 923 892 985 mali
907 922 1100 1002 prodigalitas
1114 923 1238 986 adhibe·

65 1033 131 1085 tur.
143 1020 253 1086 Morum
268 1022 409 1086 relaxatio
421 1039 476 1086 non
491 1028 552 1085 tam
563 1038 580 1084 a
591 1021 893 1108 lenitatepnenamm‚
907 1036 996 1099 qnam
1011 1022 1049 1094 ab
1064 1020 1238 1099 impunitate

70 1120 364 1202 dedttomjuorimm
379 1118 549 1184 Cavendum
571 1128 667 1182 tamen
682 1128 778 1183 estne
794 1119 940 1183 contrario
957 1125 1095 1195 peccetur
1108 1126 1239 1183 extremo

63 1217 96 1278 si
112 1232 218 1296 poenae
232 1225 410 1291 statuantur,
425 1233 501 1296 quae
522 1219 617 1280 socios
631 1233 648 1279 a
665 1217 817 1295 patrandis
830 1216 1015 1279 facinoribus
1029 1231 1086 1278 non
1096 1217 1174 1277 satis
1188 1215 1240 1279 de·

71 1324 213 1389 terreant,
227 1325 279 1378 aut
293 1332 348 1379 non
363 1317 508 1378 retineant
521 1315 650 1378 debitam
667 1331 733 1378 curn
750 1315 857 1378 delicto
872 1315 1096 1392 proportionem.
1112 1311 1153 1377 Ut
1163 1313 1240 1375 enim

62 1429 105 1476 ex
118 1414 208 1476 dictis
222 1423 353 1492 apparet,
365 1428 457 1492 poena
472 1429 527 1476 non
543 1412 679 1476 modoad
695 1412 863 1476 societatem
879 1428 896 1473 a
912 1411 1041 1474 redituro
1055 1411 1177 1472 crimine
1192 1410 1242 1473 de

64 1513 254 1586 tendendam,
266 1509 320 1574 sed
334 1512 473 1574 etiamad
488 1511 626 1575 violatum
637 1512 768 1574 ordinem
781 1509 981 1572 ulciscendum
992 1509 1132 1587 exigitur.
1143 1506 1240 1581 Quare

72 1624 132 1672 nou
155 1609 251 1671 solum
272 1607 434 1688 defensioue
455 1617 508 1682 est,
523 1619 625 1670 verum
645 1609 733 1670 etiam
755 1607 954 1670 uindicoiino.

109 1705 160 1772 94.
178 1707 221 1774 lle
243 1723 350 1792 poena
369 1702 510 1791 capitali.
531 1706 629 1785 Atque
650 1707 699 1768 hic
720 1714 902 1783 opportunus
922 1704 1004 1768 locus
1024 1703 1126 1766 incidit
1146 1703 1238 1765 disse·

67 1806 153 1868 rendi
168 1806 204 1868 de
226 1821 316 1884 poena
339 1805 453 1884 capitis,
468 1814 567 1868 contra
589 1819 678 1882 quam
700 1803 808 1866 acriter
823 1804 1009 1881 disputatum
1022 1809 1069 1864 est
1090 1809 1119 1863 et
1138 1801 1239 1878 dispu-

68 1910 190 1966 tatura
217 1903 371 1966 nonnullis.
394 1901 534 1966 Beccaria
561 1903 638 1964 enim
666 1911 696 1964 et
723 1899 867 1964 Bentham
895 1908 926 1963 et
952 1881 1145 1962 Aurens⁴ius
1172 1915 1237 1961 eam

64 2001 218 2079 infligendi
245 2001 543 2088 omui-nojdenegaut
564 2002 672 2078 quihus
694 2016 799 2078 magna
822 2000 920 2072 turha,
940 2005 1036 2060 aetate
1065 1997 1238 2076 praesertim

35 2101 37 2105 ’
68 2107 181 2174 nostra,
195 2101 381 2177 suffragatur.
406 2098 448 2160 At
469 2113 505 2160 ne
526 2113 624 2161 rerum
639 2099 807 2161 contusione
831 2098 860 2159 in
880 2111 1008 2159 errorem
1023 2095 1090 2174 quis
1110 2096 1240 2158 adduca-

70 2207 130 2274 tur,
144 2197 201 2259 duo
217 2197 342 2259 maxime
356 2195 562 2276 distinguenda
583 2195 695 2257 suntin
710 2198 767 2259 hac
786 2195 1000 2258 controversia:
1020 2193 1238 2272 inp-‚nimirum
1274 2209 1278 2216 ·

63 2291 242 2371 etfaciam.
260 2291 378 2358 Scilicet
400 2294 499 2373 quaeri
522 2300 619 2371 potest
640 2309 676 2354 an
697 2291 815 2356 socialis
836 2293 997 2354 auctoritas
1013 2306 1063 2367 per
1078 2305 1109 2351 sc
1122 2290 1169 2354 ius
1182 2291 1236 2350 ha·

67 2393 140 2454 beat
158 2392 259 2454 utendi
287 2407 378 2470 poena
399 2390 535 2470 capitali3
555 2398 585 2453 et
606 2391 684 2458 haec,
693 2390 828 2469 quaestio
848 2389 972 2451 inridica
986 2397 1042 2450 cst.
1061 2385 1113 2452 Vel
1134 2387 1237 2464 quaeri

66 2497 168 2566 potest
190 2505 225 2552 au
240 2506 311 2552 usus
324 2491 388 2553 eius
410 2491 507 2553 omitti
522 2491 616 2567 possit
635 2491 665 2552 in
680 2490 737 2552 hac
759 2488 806 2553 vel
826 2488 877 2552 illa
891 2502 1007 2549 morum
1028 2486 1192 2548 conditione
1206 2494 1235 2549 et

64 2587 203 2661 cultura3
217 2596 305 2666 atque
322 2590 395 2651 haec
409 2588 541 2667 quaestio
555 2579 664 2651 factum
686 2587 815 2665 respicit,
830 2585 875 2649 rel
891 2586 988 2662 potins
1010 2583 1234 2662 applicationem

64 2686 152 2748 iuris.
167 2682 216 2748 Sic
237 2702 269 2748 re
282 2686 443 2760 declarata,
464 2685 546 2748 hand
567 2685 697 2748 difficilis
717 2690 840 2762 apparet
862 2683 977 2747 solutio.

109 2779 187 2844 Nam
202 2783 301 2861 negari
316 2783 417 2862 nequit
439 2799 545 2868 poenas
560 2797 594 2845 eo
609 2784 686 2845 effici
702 2783 842 2861 mitiores
856 2796 914 2860 quo
928 2780 1046 2843 cultura
1062 2780 1238 2858 populorum

65 2881 219 2958 augescit3
236 2887 299 2942 tum
322 2881 390 2958 quia
404 2897 421 2943 a
437 2881 559 2944 cultiore
573 2881 712 2966 societate
726 2880 872 2947 atrociora
894 2879 1006 2957 flagitia
1027 2879 1086 2941 fere
1107 2878 1239 2951 exulant,

64 2985 135 3039 tum
156 2977 224 3056 quia
239 2978 420 3054 turpitudine
441 2978 511 3040 mali
533 2978 655 3040 moralis
676 2979 851 3040 moratiores
865 2977 954 3039 animi
975 2976 1092 3039 facilius
1110 2991 1239 3039 commo
1320 2989 1327 3003 ·

66 3081 186 3148 ventur,
196 3082 284 3152 atque
297 3076 408 3138 idcirco
419 3076 456 3138 ad
470 3077 615 3154 flagitium
630 3074 781 3138 vitandum
797 3074 962 3137 metumali
976 3073 1124 3137 sensibilis
1140 3075 1240 3136 minus

61 3179 163 3252 egent.
185 3169 281 3246 Quare
302 3189 358 3237 uon
382 3173 543 3236 diffitemur
571 3187 657 3250 posse
682 3172 1517 3267 moresdpopulo‘nrm‘itapenncdmfc

46 3285 162 3311 amm
179 3270 318 3302 ›uh-*¹²⁴
337 3271 575 3293 ⁴²-·‘⁴‘’‘”‘

3 3339 287 3440 arianam
297 3323 695 3466 psalmodiam
712 3359 897 3471 aarum*
912 3289 1502 3438 muhammat
