3159 4934
601 350 643 391 lUS
661 349 787 392 varduli:
804 367 814 377 ·
833 349 901 392 PARS
919 350 936 391 l.
955 350 996 393 tus
1013 348 1183 392 imprudente

728 575 1048 644 PROPOSITIONES.

346 754 394 821 64.
417 754 593 821 Ρ331331113
617 756 659 820 1.ι
681 756 736 843 Ean
764 757 971 833 3133333113
995 754 1104 832 debito,
1122 755 1261 836 primum
1281 754 1418 820 13331131
1438 760 1480 819 ut

305 854 459 919 neminem
482 852 651 929 laedamus,
665 854 756 935 idque
776 874 815 919 ec
835 853 936 936 officio
954 854 1091 934 perfeeto
1111 870 1167 917 seu
1186 851 1326 917 13111133.

346 951 432 1017 Prob.
443 952 535 1017 Amor
549 953 616 1016 aliis
631 953 748 1017 debitus
763 969 816 1033 pro
830 969 932 1017 norma
946 955 1036 1016 babet
1049 968 1260 1030 amoremque
1274 954 1476 1031 nosmetipsos

304 1052 465 1131 diligimus.
482 1051 524 1114 At
545 1067 614 1116 vero
633 1052 806 1115 huiusmodi
826 1067 909 1115 amor
923 1052 979 1114 boe
993 1051 1178 1130 potissimum
1201 1050 1259 1113 sibi
1280 1051 1427 1127 implicat,
1443 1059 1479 1113 ut

304 1151 449 1213 iacturam
475 1150 513 1211 ab
533 1148 599 1211 aliis
619 1150 725 1214 iniuste
748 1150 861 1213 illatam
886 1164 1066 1222 aversemur,
1085 1148 1271 1227 liberumque
1295 1155 1478 1227 appetamus

306 1258 470 1312 nostrorum
491 1248 600 1309 iurium
621 1265 656 1312 ac
678 1250 814 1328 propriae
834 1247 994 1311 activitatis
1018 1245 1200 1309 exercitium.
1222 1245 1356 1323 idipsum
1383 1246 1479 1326 igitur

306 1348 373 1410 aliis
389 1347 462 1409 velle
483 1348 686 1410 debemns1ut
707 1348 814 1409 iniuria
833 1363 869 1409 ex
892 1353 975 1424 parte
992 1351 1091 1409 nostra
1114 1343 1198 1421 plane
1219 1352 1333 1418 vacent,
1354 1359 1390 1407 ac
1412 1346 1478 1409 sine

305 1446 514 1523 impedimento
535 1462 566 1507 se
587 1461 698 1526 suaque
720 1461 836 1513 servare
857 1452 946 1522 31333
967 1459 1074 1522 augere
1095 1443 1220 1505 valeant.
1240 1440 1272 1507 Si
1293 1458 1382 1505 secus
1404 1442 1481 1505 iaci-

306 1558 384 1617 mus,
402 1558 458 1605 non
479 1543 565 1606 modo
588 1543 694 1606 bonum
716 1541 839 1606 aliorum
861 1558 917 1605 nnn
939 1556 1142 1621 procuramus,
1155 1541 1206 1603 sed
1227 1555 1279 1604 333
1300 1541 1480 1606 infeliciores

306 1642 422 1705 efficere
446 1641 570 1718 positive
591 1640 803 1704 contendimus.
825 1636 889 1713 Qua
910 1640 940 1701 in
961 1654 992 1700 re
1014 1638 1214 1717 maximopere
1234 1638 1415 1701 discedimus
1438 1642 1479 1701 ab

208 1750 210 1754 ’
306 1739 418 1818 ordine,
440 1740 490 1817 331
512 1738 596 1801 nobis
617 1754 747 1801 amorem
770 1754 840 1817 erga
862 1737 936 1801 allos
957 1738 1108 1815 praecipit,
1130 1744 1160 1799 et
1180 1736 1324 1798 naturalis
1344 1737 1479 1800 institiae

306 1838 423 1917 legibus
442 1837 632 1915 refragamur.
648 1834 732 1910 Quod
746 1837 859 1899 lacinus
880 1851 914 1900 eo
935 1834 1137 1899 detestabilius
1157 1842 1214 1908 est,
1234 1834 1312 1913 3331
1333 1834 1478 1917 obligatio

306 1934 459 2007 eiusmodi,
473 1932 547 1995 aliis
563 1952 626 1998 non
647 1933 785 2009 nocendi,
800 1934 939 1997 facillima
954 1934 1083 1997 omnium
1098 1940 1161 2005 est;
1174 1949 1241 1996 eum
1260 1949 1315 1996 non
1330 1934 1368 1996 31
1384 1935 1480 1997 actio·
1558 1946 1563 1955 ’

306 2047 373 2095 nem
391 2032 576 2105 exerendam,
597 2033 627 2094 in
648 2032 794 2110 33313113
815 2032 897 2095 labor
912 2037 942 2095 31
961 2031 1179 2095 incommodum
1200 2031 1279 2093 cerni
1301 2038 1407 2111 posset,
1423 2032 1478 2093 sed

306 2137 421 2193 tantum
444 2130 481 2193 ad
502 2129 694 2193 omittendam
715 2122 891 2208 adstringat.
970 2204 975 2211 ⁸

345 2225 410 2291 Hoc
424 2227 554 2291 officium
571 2226 619 2288 illa
640 2228 782 2289 sententia
804 2226 931 2304 exprimi
952 2226 1043 2289 solet:
1062 2224 1150 2305 Quod
1170 2224 1227 2288 ridi
1242 2223 1318 2302 'fieta
1337 2243 1402 2287 1133
1416 2225 1481 2301 vis,

304 2323 398 2388 311311
416 2344 456 2387 ne
477 2323 588 2402 facias
611 2322 695 2396 Quod
716 2332 814 2386 autem
836 2324 875 2386 sit
895 2324 1023 2387 officium
1047 2325 1208 2401 perlectum
1230 2339 1280 2386 333
1302 2322 1477 2398 1311113313,

305 2423 423 2488 3311333
439 2430 493 2484 331.
506 2419 582 2484 Nam
597 2422 693 2485 oliicia
709 2422 835 2500 perlecta
850 2437 900 2484 seu
915 2422 1038 2483 iuridica
1054 2429 1204 2494 vocantur,
1215 2436 1293 2497 3333
1306 2438 1342 2484 33
1361 2421 1481 2483 13311113

305 2522 457 2593 debentur,
472 2528 501 2582 et
522 2535 648 2597 quorum
671 2519 790 2597 proinde
811 2518 997 2581 observantia
1020 2520 1047 2579 vi
1068 2519 1156 2580 etiam
1178 2518 1255 2597 exigi
1275 2517 1484 2597 3313311331-

307 2634 388 2691 3313,
403 2633 487 2679 nemo
508 2632 564 2679 non
580 2617 660 2679 videt
675 2617 712 2679 ad
727 2624 900 2693 conceptum
914 2617 1045 2678 iustitiae
1059 2625 1088 2678 et
1099 2616 1272 2679 eommunis
1289 2616 1484 2695 aequalitatis

306 2716 509 2793 pertinerent
530 2714 632 2777 nullus
647 2713 730 2776 alteri
751 2714 889 2775 iniuriam
911 2714 1030 2785 inierat;
1046 2714 1186 2792 3133331
1206 2714 1237 2775 11
1251 2714 1480 2777 custodiendum

307 2811 452 2889 adstringi
475 2812 503 2871 vi
526 2827 613 2889 posse
633 2827 670 2873 ex
692 2820 796 2873 331313
818 2812 948 2874 coactiva
971 2811 1089 2873 inrium.

347 2906 394 2971 Ex
415 2909 472 2971 boc
495 2915 650 2987 praecepto
676 2910 873 2987 consequitur,
895 2916 929 2971 ut
952 2908 1096 2970 neminem
1118 2910 1283 2973 interimere
1304 2908 1404 2983 liceat,
1423 2916 1485 2971 aut

307 3006 412 3069 mortis
435 3008 564 3084 periculo
579 3023 731 3085 exponere,
744 3016 797 3069 aut
812 3006 963 3069 vulnerare
978 3006 1025 3068 vel
1048 3012 1212 3083 percutere3
1229 3014 1281 3070 aut
1295 3006 1376 3069 aliud
1391 3006 1486 3082 quid-

306 3117 397 3181 quam
420 3104 545 3178 efficere,
570 3104 649 3182 quod
674 3103 795 3167 alterius
823 3104 1018 3166 incolumitati
1044 3110 1132 3182 atque
1157 3106 1319 3183 integritati
1344 3106 1484 3182 eorporis

308 3202 488 3265 adversetur.
1003 3264 1005 3268 ,

347 3297 411 3373 Quo
432 3315 501 3362 vero
522 3300 616 3378 magis
636 3300 752 3361 animus
774 3298 888 3377 corpori
910 3306 1041 3377 praestat
1066 3300 1187 3379 eiusque
1208 3301 1283 3363 bona
1305 3301 1391 3363 bonis
1412 3317 1483 3365 cor·
1570 3297 1571 3302 ’

306 3399 405 3478 poreis
419 3397 613 3471 antecellunt3
627 3413 661 3459 eo
675 3397 818 3475 flagitiora
841 3404 908 3459 sunt
929 3412 1027 3475 opera,
1042 3414 1117 3475 3333
1132 3398 1257 3476 proximi
1272 3399 1403 3460 animum
1418 3398 1486 3463 lae-

238 3577 241 3581 ,
287 3488 390 3571 1331,
410 3502 439 3557 31
461 3496 629 3573 perfectioni
650 3494 815 3556 intellectus
843 3494 889 3557 vel
909 3494 1068 3557 voluntatis
1090 3502 1202 3558 333331.
1225 3494 1361 3559 Velitum
1385 3497 1484 3576 igitur

305 3593 370 3673 lege
391 3601 514 3655 naturae
528 3600 584 3666 esi,
599 3591 671 3655 alios
686 3608 703 3654 a
719 3593 841 3655 veritate
854 3594 1010 3668 abducere,
1024 3601 1112 3672 atque
1127 3594 1165 3655 ad
1179 3610 1308 3659 errorem
1325 3594 1482 3673 inclinare,

307 3708 408 3757 eorum
424 3689 596 3767 disciplinae
607 3690 758 3763 obsistere,
770 3691 868 3754 verbis
881 3698 934 3753 aut
944 3690 1077 3769 exemplo
1091 3694 1172 3769 ipsos
1187 3692 1225 3755 ad
1240 3692 1313 3754 vitia
1330 3692 1480 3771 pellicere,

307 3800 360 3852 aut
392 3788 732 3868 quidquamsslinsinuare
759 3789 834 3865 quod
863 3804 977 3852 morum
1004 3790 1199 3853 innocentiam
1229 3791 1417 3853 contaminet.
1440 3789 1482 3855 Et

309 3887 447 3963 quoniam
469 3888 542 3948 haec
563 3901 615 3964 per
635 3902 666 3947 se
691 3885 768 3947 mala
789 3894 869 3959 sunt,
889 3901 945 3948 non
968 3887 1054 3949 modo
1074 3888 1113 3949 ab
1134 3888 1263 3950 externis
1284 3888 1483 3966 3311133331

309 3983 398 4044 etiam
413 3984 450 4047 ab
464 3984 597 4057 internis,
611 3982 788 4062 cogitatione
805 3982 942 4045 nimirum
962 3990 993 4045 et
1006 3985 1127 4058 affectu·
1139 3985 1238 4063 repelli
1254 3984 1371 4049 debent.
1388 3984 1485 4051 Secus

310 4079 448 4142 voluntas
469 4082 498 4143 in
520 4098 643 4160 pravum
665 4081 812 4144 obiectum
835 4082 973 4153 tenderet,
989 4088 1078 4160 31333
1091 4084 1196 4145 exinde
1211 4084 1389 4161 pravitatem
1413 4101 1485 4149 333-

306 4177 448 4240 traheret.

351 4272 483 4354 Denique
502 4292 569 4339 cum
592 4277 629 4338 ad
650 4278 797 4340 hominem
822 4278 897 4341 bona
924 4278 1013 4339 etiam
1041 4286 1160 4341 externa
1183 4279 1358 4356 pertineant,
1380 4280 1411 4342 in
1433 4282 1487 4344 bis
