<?xml version="1.0" encoding="UTF-8"?>
<!DOCTYPE html PUBLIC "-//W3C//DTD XHTML 1.0 Transitional//EN"
    "http://www.w3.org/TR/xhtml1/DTD/xhtml1-transitional.dtd">
<html xmlns="http://www.w3.org/1999/xhtml" xml:lang="en" lang="en">
 <head>
  <title>
</title>
<meta http-equiv="Content-Type" content="text/html;charset=utf-8" />
  <meta name='ocr-system' content='tesseract 3.04.00' />
  <meta name='ocr-capabilities' content='ocr_page ocr_carea ocr_par ocr_line ocrx_word'/>
</head>
<body>
  <div class='ocr_page' id='page_1' title='image "./institutioneset00libegoog_0040.png"; bbox 0 0 3159 4934; ppageno 0'>
   <div class='ocr_carea' id='block_1_1' title="bbox 406 323 1291 380">
    <p class='ocr_par' dir='ltr' id='par_1_1' title="bbox 406 323 1291 380">
     <span class='ocr_line' id='line_1_1' title="bbox 406 323 1291 380; baseline 0 -2"><span class='ocrx_word' id='word_1_1' title='bbox 406 334 491 378; x_wconf 79' lang='lat' dir='ltr'>cucur</span> <span class='ocrx_word' id='word_1_2' title='bbox 509 335 525 375; x_wconf 90' lang='lat'>1.</span> <span class='ocrx_word' id='word_1_3' title='bbox 545 337 579 378; x_wconf 84' lang='lat' dir='ltr'>nn</span> <span class='ocrx_word' id='word_1_4' title='bbox 597 336 656 377; x_wconf 82' lang='lat' dir='ltr'>erue</span> <span class='ocrx_word' id='word_1_5' title='bbox 674 335 848 378; x_wconf 82' lang='lat' dir='ltr'>oeentrrours</span> <span class='ocrx_word' id='word_1_6' title='bbox 866 335 997 378; x_wconf 78' lang='lat' dir='ltr'>nurture</span> <span class='ocrx_word' id='word_1_7' title='bbox 1256 323 1291 380; x_wconf 81' lang='lat'>33</span> 
     </span>
    </p>
   </div>
   <div class='ocr_carea' id='block_1_2' title="bbox 115 447 1293 1017">
    <p class='ocr_par' dir='ltr' id='par_1_2' title="bbox 115 447 1293 1017">
     <span class='ocr_line' id='line_1_2' title="bbox 116 447 1292 528; baseline 0 -16"><span class='ocrx_word' id='word_1_8' title='bbox 116 465 186 512; x_wconf 93' lang='lat' dir='ltr'>rum</span> <span class='ocrx_word' id='word_1_9' title='bbox 199 450 291 528; x_wconf 79' lang='lat' dir='ltr'>igitur</span> <span class='ocrx_word' id='word_1_10' title='bbox 305 463 438 512; x_wconf 85' lang='lat' dir='ltr'>essenon</span> <span class='ocrx_word' id='word_1_11' title='bbox 452 448 548 521; x_wconf 88' lang='lat' dir='ltr'>debet,</span> <span class='ocrx_word' id='word_1_12' title='bbox 559 449 584 509; x_wconf 91' lang='lat' dir='ltr'>si</span> <span class='ocrx_word' id='word_1_13' title='bbox 598 447 747 512; x_wconf 88' lang='lat' dir='ltr'>societatis</span> <span class='ocrx_word' id='word_1_14' title='bbox 762 457 791 510; x_wconf 91' lang='lat' dir='ltr'>et</span> <span class='ocrx_word' id='word_1_15' title='bbox 806 449 982 510; x_wconf 88' lang='lat' dir='ltr'>moralitatis</span> <span class='ocrx_word' id='word_1_16' title='bbox 996 449 1100 512; x_wconf 89' lang='lat' dir='ltr'>hostes</span> <span class='ocrx_word' id='word_1_17' title='bbox 1115 451 1176 512; x_wconf 90' lang='lat' dir='ltr'>buc</span> <span class='ocrx_word' id='word_1_18' title='bbox 1188 466 1292 514; x_wconf 86' lang='lat' dir='ltr'>omnes</span> 
     </span>
     <span class='ocr_line' id='line_1_3' title="bbox 115 545 1286 626; baseline 0 -16"><span class='ocrx_word' id='word_1_19' title='bbox 115 564 222 612; x_wconf 83' lang='lat' dir='ltr'>nervos</span> <span class='ocrx_word' id='word_1_20' title='bbox 236 547 398 619; x_wconf 89' lang='lat' dir='ltr'>intendunt,</span> <span class='ocrx_word' id='word_1_21' title='bbox 414 555 455 626; x_wconf 87' lang='lat' dir='ltr'>nt,</span> <span class='ocrx_word' id='word_1_22' title='bbox 471 547 496 606; x_wconf 87' lang='lat' dir='ltr'>si</span> <span class='ocrx_word' id='word_1_23' title='bbox 510 546 573 608; x_wconf 86' lang='lat' dir='ltr'>fieri</span> <span class='ocrx_word' id='word_1_24' title='bbox 595 545 698 623; x_wconf 89' lang='lat' dir='ltr'>possit,</span> <span class='ocrx_word' id='word_1_25' title='bbox 705 547 881 626; x_wconf 27' lang='lat' dir='ltr'>&#39;hominibus</span> <span class='ocrx_word' id='word_1_26' title='bbox 903 547 1099 623; x_wconf 77' lang='lat' dir='ltr'>persuadeant</span> <span class='ocrx_word' id='word_1_27' title='bbox 1112 548 1286 610; x_wconf 76' lang='lat' dir='ltr'>felicitatem</span> 
     </span>
     <span class='ocr_line' id='line_1_4' title="bbox 115 640 1291 722; baseline -0.002 -14"><span class='ocrx_word' id='word_1_28' title='bbox 115 647 234 710; x_wconf 91' lang='lat' dir='ltr'>nonnisi</span> <span class='ocrx_word' id='word_1_29' title='bbox 254 646 284 708; x_wconf 87' lang='lat' dir='ltr'>in</span> <span class='ocrx_word' id='word_1_30' title='bbox 306 653 383 706; x_wconf 89' lang='lat' dir='ltr'>terra</span> <span class='ocrx_word' id='word_1_31' title='bbox 404 659 470 706; x_wconf 91' lang='lat' dir='ltr'>esse</span> <span class='ocrx_word' id='word_1_32' title='bbox 490 644 697 722; x_wconf 75' lang='lat' dir='ltr'>quaerendam.</span> <span class='ocrx_word' id='word_1_33' title='bbox 713 640 777 715; x_wconf 85' lang='lat' dir='ltr'>Quo</span> <span class='ocrx_word' id='word_1_34' title='bbox 792 642 909 706; x_wconf 63' lang='lat' dir='ltr'>‘nefario</span> <span class='ocrx_word' id='word_1_35' title='bbox 930 659 1019 721; x_wconf 92' lang='lat' dir='ltr'>scopo</span> <span class='ocrx_word' id='word_1_36' title='bbox 1040 643 1070 705; x_wconf 92' lang='lat' dir='ltr'>in</span> <span class='ocrx_word' id='word_1_37' title='bbox 1092 651 1207 707; x_wconf 89' lang='lat' dir='ltr'>tantum</span> <span class='ocrx_word' id='word_1_38' title='bbox 1228 645 1291 707; x_wconf 89' lang='lat' dir='ltr'>tru-</span> 
     </span>
     <span class='ocr_line' id='line_1_5' title="bbox 117 741 1293 822; baseline 0 -17"><span class='ocrx_word' id='word_1_39' title='bbox 117 752 262 816; x_wconf 89' lang='lat' dir='ltr'>strautur,</span> <span class='ocrx_word' id='word_1_40' title='bbox 292 743 322 804; x_wconf 92' lang='lat' dir='ltr'>in</span> <span class='ocrx_word' id='word_1_41' title='bbox 353 749 495 820; x_wconf 90' lang='lat' dir='ltr'>quantum</span> <span class='ocrx_word' id='word_1_42' title='bbox 526 741 716 818; x_wconf 82' lang='lat' dir='ltr'>insuperabili</span> <span class='ocrx_word' id='word_1_43' title='bbox 749 742 816 804; x_wconf 92' lang='lat' dir='ltr'>lnce</span> <span class='ocrx_word' id='word_1_44' title='bbox 847 750 969 822; x_wconf 81' lang='lat' dir='ltr'>naturae</span> <span class='ocrx_word' id='word_1_45' title='bbox 997 744 1143 804; x_wconf 87' lang='lat' dir='ltr'>contraria</span> <span class='ocrx_word' id='word_1_46' title='bbox 1181 745 1293 805; x_wconf 88' lang='lat' dir='ltr'>veritas</span> 
     </span>
     <span class='ocr_line' id='line_1_6' title="bbox 115 838 1289 918; baseline -0.003 -14"><span class='ocrx_word' id='word_1_47' title='bbox 115 841 212 904; x_wconf 88' lang='lat' dir='ltr'>menti</span> <span class='ocrx_word' id='word_1_48' title='bbox 226 841 347 914; x_wconf 85' lang='lat' dir='ltr'>renidet,</span> <span class='ocrx_word' id='word_1_49' title='bbox 360 847 390 902; x_wconf 92' lang='lat' dir='ltr'>et</span> <span class='ocrx_word' id='word_1_50' title='bbox 405 847 466 900; x_wconf 90' lang='lat' dir='ltr'>tam</span> <span class='ocrx_word' id='word_1_51' title='bbox 480 839 622 917; x_wconf 86' lang='lat' dir='ltr'>protunda</span> <span class='ocrx_word' id='word_1_52' title='bbox 636 838 743 901; x_wconf 90' lang='lat' dir='ltr'>animis</span> <span class='ocrx_word' id='word_1_53' title='bbox 758 838 933 918; x_wconf 90' lang='lat' dir='ltr'>populorum</span> <span class='ocrx_word' id='word_1_54' title='bbox 954 838 1071 913; x_wconf 88' lang='lat' dir='ltr'>insidet,</span> <span class='ocrx_word' id='word_1_55' title='bbox 1086 848 1118 901; x_wconf 94' lang='lat' dir='ltr'>ut</span> <span class='ocrx_word' id='word_1_56' title='bbox 1133 840 1289 903; x_wconf 89' lang='lat' dir='ltr'>obscurari</span> 
     </span>
     <span class='ocr_line' id='line_1_7' title="bbox 116 936 1292 1017; baseline 0 -17"><span class='ocrx_word' id='word_1_57' title='bbox 116 939 238 1017; x_wconf 92' lang='lat' dir='ltr'>quidem</span> <span class='ocrx_word' id='word_1_58' title='bbox 253 948 283 1000; x_wconf 89' lang='lat' dir='ltr'>et</span> <span class='ocrx_word' id='word_1_59' title='bbox 297 937 442 1000; x_wconf 90' lang='lat' dir='ltr'>debilitari</span> <span class='ocrx_word' id='word_1_60' title='bbox 458 936 614 1014; x_wconf 87' lang='lat' dir='ltr'>aliquando</span> <span class='ocrx_word' id='word_1_61' title='bbox 630 937 733 1014; x_wconf 89' lang='lat' dir='ltr'>possit,</span> <span class='ocrx_word' id='word_1_62' title='bbox 745 936 798 998; x_wconf 88' lang='lat' dir='ltr'>sed</span> <span class='ocrx_word' id='word_1_63' title='bbox 813 939 929 1014; x_wconf 91' lang='lat' dir='ltr'>penitus</span> <span class='ocrx_word' id='word_1_64' title='bbox 939 938 1098 1016; x_wconf 86' lang='lat' dir='ltr'>exstirpari</span> <span class='ocrx_word' id='word_1_65' title='bbox 1114 955 1169 1000; x_wconf 94' lang='lat' dir='ltr'>non</span> <span class='ocrx_word' id='word_1_66' title='bbox 1185 939 1292 1015; x_wconf 90' lang='lat' dir='ltr'>possit.</span> 
     </span>
    </p>
   </div>
   <div class='ocr_carea' id='block_1_3' title="bbox 520 1140 866 1230">
    <p class='ocr_par' dir='ltr' id='par_1_3' title="bbox 520 1140 866 1230">
     <span class='ocr_line' id='line_1_8' title="bbox 520 1140 866 1230; baseline 0.006 -2"><span class='ocrx_word' id='word_1_67' title='bbox 520 1140 525 1150; x_wconf 84' lang='lat'>&#39;</span> <span class='ocrx_word' id='word_1_68' title='bbox 545 1163 866 1230; x_wconf 81' lang='lat' dir='ltr'>raorosmouns.</span> 
     </span>
    </p>
   </div>
   <div class='ocr_carea' id='block_1_4' title="bbox 89 1324 1305 4341">
    <p class='ocr_par' dir='ltr' id='par_1_4' title="bbox 89 1324 1295 1604">
     <span class='ocr_line' id='line_1_9' title="bbox 89 1324 1295 1433; baseline 0 -41"><span class='ocrx_word' id='word_1_69' title='bbox 89 1344 120 1433; x_wconf 53' lang='grc' dir='ltr'>χ</span> <span class='ocrx_word' id='word_1_70' title='bbox 160 1326 209 1392; x_wconf 76' lang='lat' dir='ltr'>tt.</span> <span class='ocrx_word' id='word_1_71' title='bbox 232 1327 408 1392; x_wconf 62' lang='lat' dir='ltr'>horosrrro</span> <span class='ocrx_word' id='word_1_72' title='bbox 426 1326 465 1390; x_wconf 66' lang='lat'>1⁸.</span> <span class='ocrx_word' id='word_1_73' title='bbox 481 1324 578 1388; x_wconf 83' lang='lat' dir='ltr'>Finis</span> <span class='ocrx_word' id='word_1_74' title='bbox 598 1327 761 1406; x_wconf 79' lang='lat' dir='ltr'>proximos</span> <span class='ocrx_word' id='word_1_75' title='bbox 775 1341 831 1388; x_wconf 86' lang='lat' dir='ltr'>scu</span> <span class='ocrx_word' id='word_1_76' title='bbox 849 1325 1017 1389; x_wconf 78' lang='lat' dir='ltr'>destinatio</span> <span class='ocrx_word' id='word_1_77' title='bbox 1038 1324 1173 1390; x_wconf 74' lang='lat' dir='ltr'>bominis</span> <span class='ocrx_word' id='word_1_78' title='bbox 1186 1328 1221 1390; x_wconf 83' lang='lat' dir='ltr'>tn</span> <span class='ocrx_word' id='word_1_79' title='bbox 1236 1326 1295 1392; x_wconf 83' lang='lat' dir='ltr'>hoe</span> 
     </span>
     <span class='ocr_line' id='line_1_10' title="bbox 118 1421 1295 1504; baseline -0.001 -13"><span class='ocrx_word' id='word_1_80' title='bbox 118 1429 189 1491; x_wconf 85' lang='lat' dir='ltr'>nito</span> <span class='ocrx_word' id='word_1_81' title='bbox 208 1427 264 1500; x_wconf 85' lang='lat' dir='ltr'>est,</span> <span class='ocrx_word' id='word_1_82' title='bbox 285 1429 322 1488; x_wconf 82' lang='lat' dir='ltr'>ot</span> <span class='ocrx_word' id='word_1_83' title='bbox 348 1424 391 1488; x_wconf 86' lang='lat' dir='ltr'>od</span> <span class='ocrx_word' id='word_1_84' title='bbox 419 1424 689 1504; x_wconf 70' lang='lat' dir='ltr'>consequentiarum</span> <span class='ocrx_word' id='word_1_85' title='bbox 709 1421 815 1486; x_wconf 80' lang='lat' dir='ltr'>citimi</span> <span class='ocrx_word' id='word_1_86' title='bbox 834 1423 912 1501; x_wconf 73' lang='lat' dir='ltr'>finis</span> <span class='ocrx_word' id='word_1_87' title='bbox 941 1442 974 1486; x_wconf 89' lang='lat' dir='ltr'>se</span> <span class='ocrx_word' id='word_1_88' title='bbox 1000 1423 1061 1487; x_wconf 83' lang='lat' dir='ltr'>rite</span> <span class='ocrx_word' id='word_1_89' title='bbox 1088 1423 1237 1504; x_wconf 83' lang='lat' dir='ltr'>disponat</span> <span class='ocrx_word' id='word_1_90' title='bbox 1258 1446 1295 1490; x_wconf 90' lang='lat' dir='ltr'>oo</span> 
     </span>
     <span class='ocr_line' id='line_1_11' title="bbox 117 1525 248 1604; baseline -0.015 -16"><span class='ocrx_word' id='word_1_91' title='bbox 117 1525 248 1604; x_wconf 73' lang='lat' dir='ltr'>diripui.</span> 
     </span>
    </p>

    <p class='ocr_par' dir='ltr' id='par_1_5' title="bbox 116 1619 1305 2582">
     <span class='ocr_line' id='line_1_12' title="bbox 161 1619 1295 1701; baseline 0.001 -17"><span class='ocrx_word' id='word_1_92' title='bbox 161 1619 314 1684; x_wconf 85' lang='lat' dir='ltr'>Probatur.</span> <span class='ocrx_word' id='word_1_93' title='bbox 340 1619 464 1684; x_wconf 92' lang='lat' dir='ltr'>Nomine</span> <span class='ocrx_word' id='word_1_94' title='bbox 492 1621 560 1682; x_wconf 85' lang='lat' dir='ltr'>linis</span> <span class='ocrx_word' id='word_1_95' title='bbox 590 1620 715 1696; x_wconf 85' lang='lat' dir='ltr'>proximi</span> <span class='ocrx_word' id='word_1_96' title='bbox 743 1619 937 1698; x_wconf 85' lang='lat' dir='ltr'>intelligimus</span> <span class='ocrx_word' id='word_1_97' title='bbox 966 1621 1075 1683; x_wconf 92' lang='lat' dir='ltr'>bonnm</span> <span class='ocrx_word' id='word_1_98' title='bbox 1102 1620 1186 1700; x_wconf 93' lang='lat' dir='ltr'>illud,</span> <span class='ocrx_word' id='word_1_99' title='bbox 1215 1625 1295 1701; x_wconf 91' lang='lat' dir='ltr'>quod</span> 
     </span>
     <span class='ocr_line' id='line_1_13' title="bbox 117 1705 1294 1796; baseline -0.002 -12"><span class='ocrx_word' id='word_1_100' title='bbox 117 1721 233 1784; x_wconf 88' lang='lat' dir='ltr'>bomini</span> <span class='ocrx_word' id='word_1_101' title='bbox 254 1719 285 1780; x_wconf 93' lang='lat' dir='ltr'>in</span> <span class='ocrx_word' id='word_1_102' title='bbox 306 1721 363 1782; x_wconf 88' lang='lat' dir='ltr'>hac</span> <span class='ocrx_word' id='word_1_103' title='bbox 386 1719 447 1781; x_wconf 84' lang='lat' dir='ltr'>rita</span> <span class='ocrx_word' id='word_1_104' title='bbox 469 1705 705 1796; x_wconf 85' lang='lat' dir='ltr'>consequendum</span> <span class='ocrx_word' id='word_1_105' title='bbox 728 1718 908 1795; x_wconf 87' lang='lat' dir='ltr'>proponitur.</span> <span class='ocrx_word' id='word_1_106' title='bbox 924 1714 989 1781; x_wconf 89' lang='lat' dir='ltr'>Hoc</span> <span class='ocrx_word' id='word_1_107' title='bbox 1004 1735 1073 1783; x_wconf 88' lang='lat' dir='ltr'>vero</span> <span class='ocrx_word' id='word_1_108' title='bbox 1093 1719 1202 1781; x_wconf 90' lang='lat' dir='ltr'>bonum</span> <span class='ocrx_word' id='word_1_109' title='bbox 1225 1736 1294 1782; x_wconf 92' lang='lat' dir='ltr'>cum</span> 
     </span>
     <span class='ocr_line' id='line_1_14' title="bbox 118 1817 1294 1896; baseline 0 -16"><span class='ocrx_word' id='word_1_110' title='bbox 118 1819 226 1881; x_wconf 93' lang='lat' dir='ltr'>ultimo</span> <span class='ocrx_word' id='word_1_111' title='bbox 246 1820 303 1880; x_wconf 89' lang='lat' dir='ltr'>dne</span> <span class='ocrx_word' id='word_1_112' title='bbox 328 1817 498 1896; x_wconf 82' lang='lat' dir='ltr'>colligatum</span> <span class='ocrx_word' id='word_1_113' title='bbox 526 1833 592 1880; x_wconf 88' lang='lat' dir='ltr'>esse</span> <span class='ocrx_word' id='word_1_114' title='bbox 620 1823 754 1893; x_wconf 87' lang='lat' dir='ltr'>oportere</span> <span class='ocrx_word' id='word_1_115' title='bbox 782 1817 1004 1879; x_wconf 89' lang='lat' dir='ltr'>evidentissime</span> <span class='ocrx_word' id='word_1_116' title='bbox 1031 1825 1127 1895; x_wconf 86' lang='lat' dir='ltr'>patet;</span> <span class='ocrx_word' id='word_1_117' title='bbox 1150 1819 1294 1895; x_wconf 93' lang='lat' dir='ltr'>siquidem</span> 
     </span>
     <span class='ocr_line' id='line_1_15' title="bbox 117 1913 1305 1994; baseline -0.002 -16"><span class='ocrx_word' id='word_1_118' title='bbox 117 1917 190 1978; x_wconf 88' lang='lat' dir='ltr'>linis</span> <span class='ocrx_word' id='word_1_119' title='bbox 210 1915 332 1976; x_wconf 91' lang='lat' dir='ltr'>nltimus</span> <span class='ocrx_word' id='word_1_120' title='bbox 355 1915 416 1978; x_wconf 87' lang='lat' dir='ltr'>sive</span> <span class='ocrx_word' id='word_1_121' title='bbox 437 1915 573 1993; x_wconf 80' lang='lat' dir='ltr'>felicitas,</span> <span class='ocrx_word' id='word_1_122' title='bbox 595 1925 628 1976; x_wconf 93' lang='lat' dir='ltr'>ut</span> <span class='ocrx_word' id='word_1_123' title='bbox 650 1913 852 1992; x_wconf 86' lang='lat' dir='ltr'>probavimus,</span> <span class='ocrx_word' id='word_1_124' title='bbox 874 1914 959 1976; x_wconf 85' lang='lat' dir='ltr'>radix</span> <span class='ocrx_word' id='word_1_125' title='bbox 987 1925 1035 1978; x_wconf 91' lang='lat' dir='ltr'>est</span> <span class='ocrx_word' id='word_1_126' title='bbox 1062 1926 1090 1978; x_wconf 91' lang='lat' dir='ltr'>et</span> <span class='ocrx_word' id='word_1_127' title='bbox 1120 1918 1211 1994; x_wconf 91' lang='lat' dir='ltr'>princi</span> <span class='ocrx_word' id='word_1_128' title='bbox 1234 1919 1305 1979; x_wconf 89' lang='lat' dir='ltr'>inm.</span> 
     </span>
     <span class='ocr_line' id='line_1_16' title="bbox 117 1933 1295 2101; baseline 0.002 -24"><span class='ocrx_word' id='word_1_129' title='bbox 117 2014 252 2094; x_wconf 68' lang='lat' dir='ltr'>omilium</span> <span class='ocrx_word' id='word_1_130' title='bbox 269 2015 463 2101; x_wconf 75' lang='lat' dir='ltr'>humanarum</span> <span class='ocrx_word' id='word_1_131' title='bbox 480 2013 699 2093; x_wconf 90' lang='lat' dir='ltr'>appetitionum.</span> <span class='ocrx_word' id='word_1_132' title='bbox 715 2009 869 2084; x_wconf 83' lang='lat' dir='ltr'>Quomodo</span> <span class='ocrx_word' id='word_1_133' title='bbox 884 2006 982 2074; x_wconf 77' lang='lat' dir='ltr'>mrem</span> <span class='ocrx_word' id='word_1_134' title='bbox 996 1933 1295 2093; x_wconf 44' lang='lat' dir='ltr'>colligabiturfflion</span> 
     </span>
     <span class='ocr_line' id='line_1_17' title="bbox 116 2099 1294 2188; baseline 0.001 -14"><span class='ocrx_word' id='word_1_135' title='bbox 116 2113 209 2174; x_wconf 90' lang='lat' dir='ltr'>aliter</span> <span class='ocrx_word' id='word_1_136' title='bbox 230 2099 323 2185; x_wconf 68' lang='lat' dir='ltr'>certe}</span> <span class='ocrx_word' id='word_1_137' title='bbox 338 2099 553 2188; x_wconf 80' lang='lat' dir='ltr'>nisi&#39;qnatenus</span> <span class='ocrx_word' id='word_1_138' title='bbox 568 2112 616 2172; x_wconf 88' lang='lat' dir='ltr'>via</span> <span class='ocrx_word' id='word_1_139' title='bbox 638 2111 782 2188; x_wconf 90' lang='lat' dir='ltr'>quaedam</span> <span class='ocrx_word' id='word_1_140' title='bbox 800 2111 838 2171; x_wconf 89' lang='lat' dir='ltr'>sit</span> <span class='ocrx_word' id='word_1_141' title='bbox 855 2119 885 2172; x_wconf 89' lang='lat' dir='ltr'>et</span> <span class='ocrx_word' id='word_1_142' title='bbox 899 2110 988 2172; x_wconf 89' lang='lat' dir='ltr'>veluti</span> <span class='ocrx_word' id='word_1_143' title='bbox 1010 2112 1139 2173; x_wconf 92' lang='lat' dir='ltr'>medinm</span> <span class='ocrx_word' id='word_1_144' title='bbox 1155 2113 1193 2174; x_wconf 89' lang='lat' dir='ltr'>ad</span> <span class='ocrx_word' id='word_1_145' title='bbox 1210 2113 1294 2175; x_wconf 91' lang='lat' dir='ltr'>illum</span> 
     </span>
     <span class='ocr_line' id='line_1_18' title="bbox 118 2205 1291 2288; baseline -0.001 -16"><span class='ocrx_word' id='word_1_146' title='bbox 118 2209 366 2286; x_wconf 90' lang='lat' dir='ltr'>consequendum.</span> <span class='ocrx_word' id='word_1_147' title='bbox 381 2205 446 2270; x_wconf 89' lang='lat' dir='ltr'>Hoc</span> <span class='ocrx_word' id='word_1_148' title='bbox 461 2207 537 2270; x_wconf 90' lang='lat' dir='ltr'>euim</span> <span class='ocrx_word' id='word_1_149' title='bbox 552 2207 580 2268; x_wconf 92' lang='lat' dir='ltr'>iu</span> <span class='ocrx_word' id='word_1_150' title='bbox 597 2207 684 2269; x_wconf 89' lang='lat' dir='ltr'>rebus</span> <span class='ocrx_word' id='word_1_151' title='bbox 695 2207 866 2284; x_wconf 88' lang='lat' dir='ltr'>appetendis</span> <span class='ocrx_word' id='word_1_152' title='bbox 880 2217 926 2269; x_wconf 91' lang='lat' dir='ltr'>est</span> <span class='ocrx_word' id='word_1_153' title='bbox 941 2209 1026 2270; x_wconf 89' lang='lat' dir='ltr'>unica</span> <span class='ocrx_word' id='word_1_154' title='bbox 1041 2209 1199 2288; x_wconf 82' lang='lat' dir='ltr'>colligatio,</span> <span class='ocrx_word' id='word_1_155' title='bbox 1214 2227 1291 2288; x_wconf 87' lang='lat' dir='ltr'>quae</span> 
     </span>
     <span class='ocr_line' id='line_1_19' title="bbox 116 2305 1291 2384; baseline -0.003 -14"><span class='ocrx_word' id='word_1_156' title='bbox 116 2308 245 2384; x_wconf 86' lang='lat' dir='ltr'>cogitari</span> <span class='ocrx_word' id='word_1_157' title='bbox 268 2307 369 2382; x_wconf 92' lang='lat' dir='ltr'>possit.</span> <span class='ocrx_word' id='word_1_158' title='bbox 392 2305 484 2383; x_wconf 77' lang='lat' dir='ltr'>Atqui</span> <span class='ocrx_word' id='word_1_159' title='bbox 506 2306 595 2367; x_wconf 92' lang='lat' dir='ltr'>homo</span> <span class='ocrx_word' id='word_1_160' title='bbox 616 2321 672 2366; x_wconf 89' lang='lat' dir='ltr'>non</span> <span class='ocrx_word' id='word_1_161' title='bbox 693 2305 777 2367; x_wconf 87' lang='lat' dir='ltr'>aliter</span> <span class='ocrx_word' id='word_1_162' title='bbox 800 2306 842 2366; x_wconf 91' lang='lat' dir='ltr'>uti</span> <span class='ocrx_word' id='word_1_163' title='bbox 863 2314 960 2382; x_wconf 90' lang='lat' dir='ltr'>potest</span> <span class='ocrx_word' id='word_1_164' title='bbox 981 2308 1125 2383; x_wconf 87' lang='lat' dir='ltr'>praesenti</span> <span class='ocrx_word' id='word_1_165' title='bbox 1141 2308 1211 2379; x_wconf 88' lang='lat' dir='ltr'>vita,</span> <span class='ocrx_word' id='word_1_166' title='bbox 1226 2315 1291 2369; x_wconf 86' lang='lat' dir='ltr'>tan-</span> 
     </span>
     <span class='ocr_line' id='line_1_20' title="bbox 117 2403 1291 2484; baseline 0.003 -21"><span class='ocrx_word' id='word_1_167' title='bbox 117 2419 211 2481; x_wconf 87' lang='lat' dir='ltr'>quam</span> <span class='ocrx_word' id='word_1_168' title='bbox 226 2405 272 2466; x_wconf 89' lang='lat' dir='ltr'>via</span> <span class='ocrx_word' id='word_1_169' title='bbox 287 2411 316 2465; x_wconf 90' lang='lat' dir='ltr'>et</span> <span class='ocrx_word' id='word_1_170' title='bbox 331 2403 426 2467; x_wconf 87' lang='lat' dir='ltr'>medio</span> <span class='ocrx_word' id='word_1_171' title='bbox 441 2405 479 2466; x_wconf 93' lang='lat' dir='ltr'>ad</span> <span class='ocrx_word' id='word_1_172' title='bbox 494 2403 631 2467; x_wconf 91' lang='lat' dir='ltr'>ultimum</span> <span class='ocrx_word' id='word_1_173' title='bbox 647 2405 735 2466; x_wconf 85' lang='lat' dir='ltr'>linem</span> <span class='ocrx_word' id='word_1_174' title='bbox 750 2406 997 2483; x_wconf 89' lang='lat' dir='ltr'>consequendum,</span> <span class='ocrx_word' id='word_1_175' title='bbox 1009 2405 1063 2466; x_wconf 90' lang='lat' dir='ltr'>nisi</span> <span class='ocrx_word' id='word_1_176' title='bbox 1077 2415 1223 2482; x_wconf 88' lang='lat' dir='ltr'>quatenns</span> <span class='ocrx_word' id='word_1_177' title='bbox 1239 2422 1291 2484; x_wconf 91' lang='lat' dir='ltr'>per</span> 
     </span>
     <span class='ocr_line' id='line_1_21' title="bbox 116 2501 1236 2582; baseline 0.002 -20"><span class='ocrx_word' id='word_1_178' title='bbox 116 2505 219 2580; x_wconf 87' lang='lat' dir='ltr'>ipsam</span> <span class='ocrx_word' id='word_1_179' title='bbox 241 2503 279 2564; x_wconf 92' lang='lat' dir='ltr'>ad</span> <span class='ocrx_word' id='word_1_180' title='bbox 300 2504 376 2564; x_wconf 90' lang='lat' dir='ltr'>hanc</span> <span class='ocrx_word' id='word_1_181' title='bbox 397 2501 656 2579; x_wconf 88' lang='lat' dir='ltr'>consequntionem</span> <span class='ocrx_word' id='word_1_182' title='bbox 679 2518 711 2564; x_wconf 93' lang='lat' dir='ltr'>se</span> <span class='ocrx_word' id='word_1_183' title='bbox 731 2502 871 2578; x_wconf 88' lang='lat' dir='ltr'>disponat</span> <span class='ocrx_word' id='word_1_184' title='bbox 891 2510 920 2564; x_wconf 92' lang='lat' dir='ltr'>et</span> <span class='ocrx_word' id='word_1_185' title='bbox 940 2502 1056 2582; x_wconf 77' lang='lat' dir='ltr'>dirigat.</span> <span class='ocrx_word' id='word_1_186' title='bbox 1079 2502 1159 2580; x_wconf 85' lang='lat' dir='ltr'>Ergo</span> <span class='ocrx_word' id='word_1_187' title='bbox 1180 2512 1236 2566; x_wconf 92' lang='lat' dir='ltr'>etc.</span> 
     </span>
    </p>

    <p class='ocr_par' dir='ltr' id='par_1_6' title="bbox 115 2597 1297 3461">
     <span class='ocr_line' id='line_1_22' title="bbox 163 2597 1291 2678; baseline 0.001 -17"><span class='ocrx_word' id='word_1_188' title='bbox 163 2597 328 2672; x_wconf 87' lang='lat' dir='ltr'>Praeterea,</span> <span class='ocrx_word' id='word_1_189' title='bbox 350 2600 406 2660; x_wconf 91' lang='lat' dir='ltr'>nisi</span> <span class='ocrx_word' id='word_1_190' title='bbox 428 2599 588 2671; x_wconf 87' lang='lat' dir='ltr'>hominem,</span> <span class='ocrx_word' id='word_1_191' title='bbox 611 2606 715 2668; x_wconf 83' lang='lat' dir='ltr'>natura</span> <span class='ocrx_word' id='word_1_192' title='bbox 737 2599 964 2672; x_wconf 80' lang='lat' dir='ltr'>contradicente,</span> <span class='ocrx_word' id='word_1_193' title='bbox 984 2599 1015 2661; x_wconf 91' lang='lat' dir='ltr'>in</span> <span class='ocrx_word' id='word_1_194' title='bbox 1035 2599 1093 2662; x_wconf 93' lang='lat' dir='ltr'>dno</span> <span class='ocrx_word' id='word_1_195' title='bbox 1113 2601 1191 2662; x_wconf 89' lang='lat' dir='ltr'>entia</span> <span class='ocrx_word' id='word_1_196' title='bbox 1206 2600 1291 2678; x_wconf 92' lang='lat' dir='ltr'>plane</span> 
     </span>
     <span class='ocr_line' id='line_1_23' title="bbox 115 2696 1297 2776; baseline 0 -16"><span class='ocrx_word' id='word_1_197' title='bbox 115 2698 262 2760; x_wconf 88' lang='lat' dir='ltr'>distincta</span> <span class='ocrx_word' id='word_1_198' title='bbox 284 2698 388 2774; x_wconf 93' lang='lat' dir='ltr'>partiri</span> <span class='ocrx_word' id='word_1_199' title='bbox 404 2697 552 2769; x_wconf 89' lang='lat' dir='ltr'>volumus,</span> <span class='ocrx_word' id='word_1_200' title='bbox 566 2697 755 2774; x_wconf 86' lang='lat' dir='ltr'>ordinemque</span> <span class='ocrx_word' id='word_1_201' title='bbox 770 2696 886 2758; x_wconf 88' lang='lat' dir='ltr'>divinae</span> <span class='ocrx_word' id='word_1_202' title='bbox 902 2697 1061 2776; x_wconf 86' lang='lat' dir='ltr'>sapientiae</span> <span class='ocrx_word' id='word_1_203' title='bbox 1076 2700 1189 2760; x_wconf 90' lang='lat' dir='ltr'>unitate</span> <span class='ocrx_word' id='word_1_204' title='bbox 1203 2699 1297 2760; x_wconf 90' lang='lat' dir='ltr'>desti-</span> 
     </span>
     <span class='ocr_line' id='line_1_24' title="bbox 116 2779 1289 2872; baseline 0.002 -15"><span class='ocrx_word' id='word_1_205' title='bbox 116 2779 221 2866; x_wconf 76' lang='lat' dir='ltr'>tuere3</span> <span class='ocrx_word' id='word_1_206' title='bbox 236 2796 299 2856; x_wconf 82' lang='lat' dir='ltr'>vita</span> <span class='ocrx_word' id='word_1_207' title='bbox 311 2811 480 2872; x_wconf 91' lang='lat' dir='ltr'>praesensa</span> <span class='ocrx_word' id='word_1_208' title='bbox 496 2794 596 2857; x_wconf 85' lang='lat' dir='ltr'>lutura</span> <span class='ocrx_word' id='word_1_209' title='bbox 611 2794 796 2855; x_wconf 90' lang='lat' dir='ltr'>dissocianda</span> <span class='ocrx_word' id='word_1_210' title='bbox 810 2802 942 2855; x_wconf 88' lang='lat' dir='ltr'>nonest:</span> <span class='ocrx_word' id='word_1_211' title='bbox 957 2795 1009 2855; x_wconf 93' lang='lat' dir='ltr'>sed</span> <span class='ocrx_word' id='word_1_212' title='bbox 1024 2804 1125 2856; x_wconf 89' lang='lat' dir='ltr'>contra</span> <span class='ocrx_word' id='word_1_213' title='bbox 1141 2797 1211 2858; x_wconf 88' lang='lat' dir='ltr'>talis</span> <span class='ocrx_word' id='word_1_214' title='bbox 1225 2812 1289 2859; x_wconf 89' lang='lat' dir='ltr'>esse</span> 
     </span>
     <span class='ocr_line' id='line_1_25' title="bbox 115 2891 1291 2971; baseline 0.002 -16"><span class='ocrx_word' id='word_1_215' title='bbox 115 2893 210 2955; x_wconf 89' lang='lat' dir='ltr'>debet</span> <span class='ocrx_word' id='word_1_216' title='bbox 224 2895 299 2954; x_wconf 89' lang='lat' dir='ltr'>inter</span> <span class='ocrx_word' id='word_1_217' title='bbox 313 2903 471 2970; x_wconf 87' lang='lat' dir='ltr'>utramque</span> <span class='ocrx_word' id='word_1_218' title='bbox 485 2891 597 2971; x_wconf 87' lang='lat' dir='ltr'>relatio,</span> <span class='ocrx_word' id='word_1_219' title='bbox 610 2901 643 2953; x_wconf 91' lang='lat' dir='ltr'>ut</span> <span class='ocrx_word' id='word_1_220' title='bbox 657 2891 868 2955; x_wconf 91' lang='lat' dir='ltr'>bonumunins</span> <span class='ocrx_word' id='word_1_221' title='bbox 879 2892 917 2953; x_wconf 90' lang='lat' dir='ltr'>ad</span> <span class='ocrx_word' id='word_1_222' title='bbox 930 2892 1040 2955; x_wconf 90' lang='lat' dir='ltr'>bonnm</span> <span class='ocrx_word' id='word_1_223' title='bbox 1054 2893 1175 2956; x_wconf 91' lang='lat' dir='ltr'>alterins</span> <span class='ocrx_word' id='word_1_224' title='bbox 1191 2895 1291 2968; x_wconf 87' lang='lat' dir='ltr'>ducat,</span> 
     </span>
     <span class='ocr_line' id='line_1_26' title="bbox 115 2987 1294 3074; baseline 0.002 -22"><span class='ocrx_word' id='word_1_225' title='bbox 115 2993 221 3068; x_wconf 81' lang='lat' dir='ltr'>sitque</span> <span class='ocrx_word' id='word_1_226' title='bbox 242 2989 305 3052; x_wconf 88' lang='lat' dir='ltr'>eius</span> <span class='ocrx_word' id='word_1_227' title='bbox 327 2990 417 3052; x_wconf 90' lang='lat' dir='ltr'>veluti</span> <span class='ocrx_word' id='word_1_228' title='bbox 432 2991 549 3051; x_wconf 90' lang='lat' dir='ltr'>initium</span> <span class='ocrx_word' id='word_1_229' title='bbox 565 2989 611 3052; x_wconf 91' lang='lat' dir='ltr'>vel</span> <span class='ocrx_word' id='word_1_230' title='bbox 627 2989 818 3074; x_wconf 64' lang='lat' dir='ltr'>praeparatio.</span> <span class='ocrx_word' id='word_1_231' title='bbox 842 2987 982 3068; x_wconf 83' lang='lat' dir='ltr'>Quaeque</span> <span class='ocrx_word' id='word_1_232' title='bbox 996 2991 1073 3053; x_wconf 90' lang='lat' dir='ltr'>euim</span> <span class='ocrx_word' id='word_1_233' title='bbox 1088 2999 1193 3054; x_wconf 86' lang='lat' dir='ltr'>natura</span> <span class='ocrx_word' id='word_1_234' title='bbox 1216 2993 1294 3054; x_wconf 88' lang='lat' dir='ltr'>sient</span> 
     </span>
     <span class='ocr_line' id='line_1_27' title="bbox 118 3071 1297 3165; baseline 0.001 -15"><span class='ocrx_word' id='word_1_235' title='bbox 118 3103 216 3150; x_wconf 90' lang='lat' dir='ltr'>unum</span> <span class='ocrx_word' id='word_1_236' title='bbox 237 3089 327 3150; x_wconf 88' lang='lat' dir='ltr'>habet</span> <span class='ocrx_word' id='word_1_237' title='bbox 348 3104 423 3163; x_wconf 87' lang='lat' dir='ltr'>osso,</span> <span class='ocrx_word' id='word_1_238' title='bbox 439 3071 594 3152; x_wconf 65' lang='lat' dir='ltr'>sic&#39;r&#39;mnm</span> <span class='ocrx_word' id='word_1_239' title='bbox 615 3087 706 3149; x_wconf 90' lang='lat' dir='ltr'>habet</span> <span class='ocrx_word' id='word_1_240' title='bbox 728 3088 826 3159; x_wconf 88' lang='lat' dir='ltr'>linem,</span> <span class='ocrx_word' id='word_1_241' title='bbox 847 3103 901 3149; x_wconf 92' lang='lat' dir='ltr'>sen</span> <span class='ocrx_word' id='word_1_242' title='bbox 922 3087 1031 3150; x_wconf 90' lang='lat' dir='ltr'>bonnm</span> <span class='ocrx_word' id='word_1_243' title='bbox 1052 3089 1108 3150; x_wconf 90' lang='lat' dir='ltr'>sibi</span> <span class='ocrx_word' id='word_1_244' title='bbox 1130 3089 1212 3165; x_wconf 92' lang='lat' dir='ltr'>plene</span> <span class='ocrx_word' id='word_1_245' title='bbox 1234 3091 1297 3151; x_wconf 86' lang='lat' dir='ltr'>sul·</span> 
     </span>
     <span class='ocr_line' id='line_1_28' title="bbox 116 3186 1295 3264; baseline -0.002 -12"><span class='ocrx_word' id='word_1_246' title='bbox 116 3189 235 3252; x_wconf 89' lang='lat' dir='ltr'>ficiens.</span> <span class='ocrx_word' id='word_1_247' title='bbox 254 3186 297 3262; x_wconf 88' lang='lat' dir='ltr'>ld,</span> <span class='ocrx_word' id='word_1_248' title='bbox 319 3187 382 3250; x_wconf 89' lang='lat' dir='ltr'>aliis</span> <span class='ocrx_word' id='word_1_249' title='bbox 404 3187 510 3263; x_wconf 93' lang='lat' dir='ltr'>verbis,</span> <span class='ocrx_word' id='word_1_250' title='bbox 533 3187 683 3264; x_wconf 86' lang='lat' dir='ltr'>importat,</span> <span class='ocrx_word' id='word_1_251' title='bbox 705 3195 738 3248; x_wconf 89' lang='lat' dir='ltr'>ut</span> <span class='ocrx_word' id='word_1_252' title='bbox 759 3187 847 3248; x_wconf 90' lang='lat' dir='ltr'>homo</span> <span class='ocrx_word' id='word_1_253' title='bbox 868 3187 898 3248; x_wconf 94' lang='lat' dir='ltr'>in</span> <span class='ocrx_word' id='word_1_254' title='bbox 920 3189 1084 3264; x_wconf 88' lang='lat' dir='ltr'>praesentis</span> <span class='ocrx_word' id='word_1_255' title='bbox 1106 3191 1184 3251; x_wconf 90' lang='lat' dir='ltr'>vitae</span> <span class='ocrx_word' id='word_1_256' title='bbox 1205 3205 1295 3252; x_wconf 88' lang='lat' dir='ltr'>cursu</span> 
     </span>
     <span class='ocr_line' id='line_1_29' title="bbox 117 3284 1295 3363; baseline 0 -15"><span class='ocrx_word' id='word_1_257' title='bbox 117 3289 166 3348; x_wconf 91' lang='lat' dir='ltr'>sic</span> <span class='ocrx_word' id='word_1_258' title='bbox 189 3301 219 3348; x_wconf 91' lang='lat' dir='ltr'>se</span> <span class='ocrx_word' id='word_1_259' title='bbox 241 3284 441 3358; x_wconf 63' lang='lat' dir='ltr'>instituebat</span> <span class='ocrx_word' id='word_1_260' title='bbox 463 3284 611 3346; x_wconf 88' lang='lat' dir='ltr'>actionum</span> <span class='ocrx_word' id='word_1_261' title='bbox 633 3301 753 3348; x_wconf 90' lang='lat' dir='ltr'>suarum</span> <span class='ocrx_word' id='word_1_262' title='bbox 774 3285 912 3348; x_wconf 84' lang='lat' dir='ltr'>exercitio</span> <span class='ocrx_word' id='word_1_263' title='bbox 933 3284 971 3347; x_wconf 92' lang='lat' dir='ltr'>ad</span> <span class='ocrx_word' id='word_1_264' title='bbox 990 3286 1177 3363; x_wconf 82' lang='lat' dir='ltr'>adeptionem</span> <span class='ocrx_word' id='word_1_265' title='bbox 1199 3287 1295 3350; x_wconf 92' lang='lat' dir='ltr'>ultimi</span> 
     </span>
     <span class='ocr_line' id='line_1_30' title="bbox 119 3383 669 3461; baseline -0.004 -17"><span class='ocrx_word' id='word_1_266' title='bbox 119 3383 197 3445; x_wconf 85' lang='lat' dir='ltr'>finis</span> <span class='ocrx_word' id='word_1_267' title='bbox 213 3399 245 3446; x_wconf 88' lang='lat' dir='ltr'>se</span> <span class='ocrx_word' id='word_1_268' title='bbox 266 3383 321 3446; x_wconf 90' lang='lat' dir='ltr'>rite</span> <span class='ocrx_word' id='word_1_269' title='bbox 342 3383 479 3461; x_wconf 88' lang='lat' dir='ltr'>disponat</span> <span class='ocrx_word' id='word_1_270' title='bbox 499 3391 529 3444; x_wconf 92' lang='lat' dir='ltr'>et</span> <span class='ocrx_word' id='word_1_271' title='bbox 550 3383 669 3460; x_wconf 80' lang='lat' dir='ltr'>dirigat.</span> 
     </span>
    </p>

    <p class='ocr_par' dir='ltr' id='par_1_7' title="bbox 109 3476 1296 3658">
     <span class='ocr_line' id='line_1_31' title="bbox 163 3476 1296 3560; baseline 0.001 -19"><span class='ocrx_word' id='word_1_272' title='bbox 163 3476 213 3542; x_wconf 72' lang='lat'>25.</span> <span class='ocrx_word' id='word_1_273' title='bbox 230 3479 403 3544; x_wconf 79' lang='lat' dir='ltr'>Prorosrrro</span> <span class='ocrx_word' id='word_1_274' title='bbox 417 3478 460 3542; x_wconf 70' lang='lat'>2⁸.</span> <span class='ocrx_word' id='word_1_275' title='bbox 479 3477 651 3543; x_wconf 81' lang='lat' dir='ltr'>Praedicta</span> <span class='ocrx_word' id='word_1_276' title='bbox 671 3478 798 3542; x_wconf 83' lang='lat' dir='ltr'>directio</span> <span class='ocrx_word' id='word_1_277' title='bbox 811 3485 842 3542; x_wconf 85' lang='lat' dir='ltr'>et</span> <span class='ocrx_word' id='word_1_278' title='bbox 859 3481 1020 3560; x_wconf 78' lang='lat' dir='ltr'>dispositio</span> <span class='ocrx_word' id='word_1_279' title='bbox 1042 3480 1176 3545; x_wconf 78' lang='lat' dir='ltr'>bominis</span> <span class='ocrx_word' id='word_1_280' title='bbox 1191 3479 1237 3544; x_wconf 84' lang='lat' dir='ltr'>od</span> <span class='ocrx_word' id='word_1_281' title='bbox 1247 3479 1296 3542; x_wconf 83' lang='lat' dir='ltr'>toi·</span> 
     </span>
     <span class='ocr_line' id='line_1_32' title="bbox 109 3541 1293 3658; baseline -0.001 -17"><span class='ocrx_word' id='word_1_282' title='bbox 109 3541 236 3641; x_wconf 57' lang='lat' dir='ltr'>ttmmo</span> <span class='ocrx_word' id='word_1_283' title='bbox 252 3578 346 3656; x_wconf 71' lang='lat' dir='ltr'>ricem</span> <span class='ocrx_word' id='word_1_284' title='bbox 367 3579 401 3640; x_wconf 82' lang='lat' dir='ltr'>in</span> <span class='ocrx_word' id='word_1_285' title='bbox 422 3577 530 3641; x_wconf 80' lang='lat' dir='ltr'>ordine</span> <span class='ocrx_word' id='word_1_286' title='bbox 543 3577 657 3640; x_wconf 84' lang='lat' dir='ltr'>morati</span> <span class='ocrx_word' id='word_1_287' title='bbox 674 3577 873 3658; x_wconf 81' lang='lat' dir='ltr'>procurando</span> <span class='ocrx_word' id='word_1_288' title='bbox 886 3582 917 3641; x_wconf 84' lang='lat' dir='ltr'>ei</span> <span class='ocrx_word' id='word_1_289' title='bbox 933 3578 1139 3658; x_wconf 81' lang='lat' dir='ltr'>promovendo</span> <span class='ocrx_word' id='word_1_290' title='bbox 1152 3581 1217 3642; x_wconf 87' lang='lat' dir='ltr'>sito</span> <span class='ocrx_word' id='word_1_291' title='bbox 1237 3581 1293 3640; x_wconf 87' lang='lat' dir='ltr'>est.</span> 
     </span>
    </p>

    <p class='ocr_par' dir='ltr' id='par_1_8' title="bbox 114 3673 1296 4341">
     <span class='ocr_line' id='line_1_33' title="bbox 165 3673 1296 3764; baseline 0.001 -26"><span class='ocrx_word' id='word_1_292' title='bbox 165 3673 319 3738; x_wconf 89' lang='lat' dir='ltr'>Probatur.</span> <span class='ocrx_word' id='word_1_293' title='bbox 335 3675 466 3757; x_wconf 69' lang='lat' dir='ltr'>Dirpctio</span> <span class='ocrx_word' id='word_1_294' title='bbox 480 3683 510 3738; x_wconf 91' lang='lat' dir='ltr'>et</span> <span class='ocrx_word' id='word_1_295' title='bbox 525 3677 679 3764; x_wconf 89' lang='lat' dir='ltr'>dispositio</span> <span class='ocrx_word' id='word_1_296' title='bbox 694 3676 822 3739; x_wconf 91' lang='lat' dir='ltr'>hominis</span> <span class='ocrx_word' id='word_1_297' title='bbox 836 3675 873 3737; x_wconf 92' lang='lat' dir='ltr'>ad</span> <span class='ocrx_word' id='word_1_298' title='bbox 890 3677 1025 3738; x_wconf 92' lang='lat' dir='ltr'>ultimum</span> <span class='ocrx_word' id='word_1_299' title='bbox 1041 3679 1129 3739; x_wconf 84' lang='lat' dir='ltr'>duem</span> <span class='ocrx_word' id='word_1_300' title='bbox 1144 3676 1213 3738; x_wconf 89' lang='lat' dir='ltr'>talis</span> <span class='ocrx_word' id='word_1_301' title='bbox 1228 3691 1296 3739; x_wconf 89' lang='lat' dir='ltr'>esse</span> 
     </span>
     <span class='ocr_line' id='line_1_34' title="bbox 114 3759 1296 3852; baseline -0.003 -13"><span class='ocrx_word' id='word_1_302' title='bbox 114 3776 223 3849; x_wconf 90' lang='lat' dir='ltr'>debet,</span> <span class='ocrx_word' id='word_1_303' title='bbox 237 3784 268 3837; x_wconf 93' lang='lat' dir='ltr'>ut</span> <span class='ocrx_word' id='word_1_304' title='bbox 284 3774 397 3839; x_wconf 90' lang='lat' dir='ltr'>homini</span> <span class='ocrx_word' id='word_1_305' title='bbox 412 3775 441 3836; x_wconf 93' lang='lat' dir='ltr'>in</span> <span class='ocrx_word' id='word_1_306' title='bbox 457 3775 514 3836; x_wconf 89' lang='lat' dir='ltr'>hac</span> <span class='ocrx_word' id='word_1_307' title='bbox 530 3759 764 3838; x_wconf 58' lang='lat' dir='ltr'>vita&#39;rii&#39;a&#39;ximam</span> <span class='ocrx_word' id='word_1_308' title='bbox 780 3774 986 3852; x_wconf 91' lang='lat' dir='ltr'>perlectionem</span> <span class='ocrx_word' id='word_1_309' title='bbox 1001 3777 1154 3851; x_wconf 90' lang='lat' dir='ltr'>importet;</span> <span class='ocrx_word' id='word_1_310' title='bbox 1170 3780 1203 3835; x_wconf 92' lang='lat' dir='ltr'>ut</span> <span class='ocrx_word' id='word_1_311' title='bbox 1216 3774 1296 3835; x_wconf 91' lang='lat' dir='ltr'>eins·</span> 
     </span>
     <span class='ocr_line' id='line_1_35' title="bbox 116 3872 1295 3950; baseline -0.003 -13"><span class='ocrx_word' id='word_1_312' title='bbox 116 3875 193 3937; x_wconf 88' lang='lat' dir='ltr'>dem</span> <span class='ocrx_word' id='word_1_313' title='bbox 213 3872 363 3936; x_wconf 88' lang='lat' dir='ltr'>exsecutio</span> <span class='ocrx_word' id='word_1_314' title='bbox 383 3872 413 3934; x_wconf 92' lang='lat' dir='ltr'>iu</span> <span class='ocrx_word' id='word_1_315' title='bbox 433 3873 561 3935; x_wconf 87' lang='lat' dir='ltr'>bominis</span> <span class='ocrx_word' id='word_1_316' title='bbox 586 3879 727 3950; x_wconf 83' lang='lat' dir='ltr'>potestate</span> <span class='ocrx_word' id='word_1_317' title='bbox 742 3872 796 3946; x_wconf 86' lang='lat' dir='ltr'>¹sit;</span> <span class='ocrx_word' id='word_1_318' title='bbox 812 3881 844 3933; x_wconf 93' lang='lat' dir='ltr'>ut</span> <span class='ocrx_word' id='word_1_319' title='bbox 859 3881 1048 3935; x_wconf 88' lang='lat' dir='ltr'>connectatur</span> <span class='ocrx_word' id='word_1_320' title='bbox 1068 3887 1136 3933; x_wconf 91' lang='lat' dir='ltr'>eum</span> <span class='ocrx_word' id='word_1_321' title='bbox 1157 3872 1215 3934; x_wconf 88' lang='lat' dir='ltr'>lina</span> <span class='ocrx_word' id='word_1_322' title='bbox 1231 3873 1295 3934; x_wconf 91' lang='lat' dir='ltr'>uni·</span> 
     </span>
     <span class='ocr_line' id='line_1_36' title="bbox 116 3966 1295 4050; baseline -0.005 -14"><span class='ocrx_word' id='word_1_323' title='bbox 116 3970 244 4044; x_wconf 84' lang='lat' dir='ltr'>versati,</span> <span class='ocrx_word' id='word_1_324' title='bbox 257 3987 344 4050; x_wconf 92' lang='lat' dir='ltr'>quem</span> <span class='ocrx_word' id='word_1_325' title='bbox 364 3969 446 4034; x_wconf 88' lang='lat' dir='ltr'>Dens</span> <span class='ocrx_word' id='word_1_326' title='bbox 467 3972 612 4048; x_wconf 88' lang='lat' dir='ltr'>spectavit</span> <span class='ocrx_word' id='word_1_327' title='bbox 632 3971 661 4032; x_wconf 93' lang='lat' dir='ltr'>in</span> <span class='ocrx_word' id='word_1_328' title='bbox 684 3986 780 4032; x_wconf 90' lang='lat' dir='ltr'>rerum</span> <span class='ocrx_word' id='word_1_329' title='bbox 804 3970 993 4031; x_wconf 88' lang='lat' dir='ltr'>universitate</span> <span class='ocrx_word' id='word_1_330' title='bbox 1014 3967 1167 4030; x_wconf 88' lang='lat' dir='ltr'>molienda.</span> <span class='ocrx_word' id='word_1_331' title='bbox 1183 3966 1295 4032; x_wconf 89' lang='lat' dir='ltr'>Neces-</span> 
     </span>
     <span class='ocr_line' id='line_1_37' title="bbox 116 4065 1295 4144; baseline -0.004 -12"><span class='ocrx_word' id='word_1_332' title='bbox 116 4072 200 4132; x_wconf 83' lang='lat' dir='ltr'>sitas</span> <span class='ocrx_word' id='word_1_333' title='bbox 221 4070 325 4132; x_wconf 89' lang='lat' dir='ltr'>horum</span> <span class='ocrx_word' id='word_1_334' title='bbox 355 4069 443 4130; x_wconf 91' lang='lat' dir='ltr'>trium</span> <span class='ocrx_word' id='word_1_335' title='bbox 466 4068 672 4131; x_wconf 82' lang='lat' dir='ltr'>characterum</span> <span class='ocrx_word' id='word_1_336' title='bbox 694 4068 802 4130; x_wconf 90' lang='lat' dir='ltr'>nemini</span> <span class='ocrx_word' id='word_1_337' title='bbox 826 4067 914 4129; x_wconf 91' lang='lat' dir='ltr'>dubia</span> <span class='ocrx_word' id='word_1_338' title='bbox 943 4081 1007 4128; x_wconf 87' lang='lat' dir='ltr'>esse</span> <span class='ocrx_word' id='word_1_339' title='bbox 1029 4075 1136 4144; x_wconf 87' lang='lat' dir='ltr'>potest.</span> <span class='ocrx_word' id='word_1_340' title='bbox 1158 4065 1235 4129; x_wconf 92' lang='lat' dir='ltr'>Nam</span> <span class='ocrx_word' id='word_1_341' title='bbox 1265 4067 1295 4127; x_wconf 95' lang='lat' dir='ltr'>in</span> 
     </span>
     <span class='ocr_line' id='line_1_38' title="bbox 119 4155 1295 4247; baseline -0.005 -17"><span class='ocrx_word' id='word_1_342' title='bbox 119 4164 234 4247; x_wconf 87' lang='lat' dir='ltr'>primis</span> <span class='ocrx_word' id='word_1_343' title='bbox 246 4163 404 4228; x_wconf 91' lang='lat' dir='ltr'>destinatio</span> <span class='ocrx_word' id='word_1_344' title='bbox 415 4167 501 4238; x_wconf 90' lang='lat' dir='ltr'>entis,</span> <span class='ocrx_word' id='word_1_345' title='bbox 514 4165 594 4243; x_wconf 93' lang='lat' dir='ltr'>quod</span> <span class='ocrx_word' id='word_1_346' title='bbox 605 4155 738 4241; x_wconf 86' lang='lat' dir='ltr'>respectu</span> <span class='ocrx_word' id='word_1_347' title='bbox 750 4180 849 4226; x_wconf 89' lang='lat' dir='ltr'>rernm</span> <span class='ocrx_word' id='word_1_348' title='bbox 860 4170 1024 4226; x_wconf 87' lang='lat' dir='ltr'>ceterarum</span> <span class='ocrx_word' id='word_1_349' title='bbox 1038 4180 1091 4227; x_wconf 94' lang='lat' dir='ltr'>non</span> <span class='ocrx_word' id='word_1_350' title='bbox 1107 4172 1152 4226; x_wconf 91' lang='lat' dir='ltr'>est</span> <span class='ocrx_word' id='word_1_351' title='bbox 1165 4165 1295 4227; x_wconf 88' lang='lat' dir='ltr'>medium</span> 
     </span>
     <span class='ocr_line' id='line_1_39' title="bbox 119 4259 1293 4341; baseline -0.005 -13"><span class='ocrx_word' id='word_1_352' title='bbox 119 4265 180 4329; x_wconf 87' lang='lat' dir='ltr'>sed</span> <span class='ocrx_word' id='word_1_353' title='bbox 203 4264 282 4340; x_wconf 85' lang='lat' dir='ltr'>linis,</span> <span class='ocrx_word' id='word_1_354' title='bbox 301 4266 331 4327; x_wconf 93' lang='lat' dir='ltr'>in</span> <span class='ocrx_word' id='word_1_355' title='bbox 352 4265 416 4327; x_wconf 92' lang='lat' dir='ltr'>eins</span> <span class='ocrx_word' id='word_1_356' title='bbox 437 4265 546 4326; x_wconf 89' lang='lat' dir='ltr'>bonum</span> <span class='ocrx_word' id='word_1_357' title='bbox 567 4269 596 4325; x_wconf 90' lang='lat' dir='ltr'>et</span> <span class='ocrx_word' id='word_1_358' title='bbox 618 4262 823 4339; x_wconf 89' lang='lat' dir='ltr'>perlectionem</span> <span class='ocrx_word' id='word_1_359' title='bbox 842 4262 946 4325; x_wconf 87' lang='lat' dir='ltr'>cedere</span> <span class='ocrx_word' id='word_1_360' title='bbox 966 4262 1061 4325; x_wconf 90' lang='lat' dir='ltr'>debet.</span> <span class='ocrx_word' id='word_1_361' title='bbox 1083 4259 1204 4341; x_wconf 88' lang='lat' dir='ltr'>Deinde,</span> <span class='ocrx_word' id='word_1_362' title='bbox 1226 4276 1293 4324; x_wconf 92' lang='lat' dir='ltr'>cum</span> 
     </span>
    </p>
   </div>
   <div class='ocr_carea' id='block_1_5' title="bbox 190 4383 1234 4438">
    <p class='ocr_par' dir='ltr' id='par_1_9' title="bbox 190 4383 1234 4438">
     <span class='ocr_line' id='line_1_40' title="bbox 190 4383 1234 4438; baseline -0.005 -1"><span class='ocrx_word' id='word_1_363' title='bbox 190 4389 363 4438; x_wconf 80' lang='lat' dir='ltr'>Lrnaaaroan</span> <span class='ocrx_word' id='word_1_364' title='bbox 373 4413 405 4428; x_wconf 89' lang='lat'>-·</span> <span class='ocrx_word' id='word_1_365' title='bbox 416 4389 527 4436; x_wconf 84' lang='lat' dir='ltr'>Ettrieoe</span> <span class='ocrx_word' id='word_1_366' title='bbox 543 4396 567 4435; x_wconf 83' lang='lat' dir='ltr'>ot</span> <span class='ocrx_word' id='word_1_367' title='bbox 582 4385 654 4435; x_wconf 79' lang='lat' dir='ltr'>iuris</span> <span class='ocrx_word' id='word_1_368' title='bbox 671 4393 795 4435; x_wconf 75' lang='lat' dir='ltr'>notrtroe.</span> <span class='ocrx_word' id='word_1_369' title='bbox 1218 4383 1234 4432; x_wconf 89' lang='grc'>3</span> 
     </span>
    </p>
   </div>
   <div class='ocr_carea' id='block_1_6' title="bbox 0 0 1584 4934">
    <p class='ocr_par' dir='ltr' id='par_1_10' title="bbox 0 0 1584 4934">
     <span class='ocr_line' id='line_1_41' title="bbox 0 0 1584 4934; baseline 0 0"><span class='ocrx_word' id='word_1_370' title='bbox 0 0 1584 4934; x_wconf 95' lang='lat' dir='ltr'> </span> 
     </span>
    </p>
   </div>
  </div>
 </body>
</html>
