3159 4934
436 367 521 411 CAPUT
539 370 556 412 1.
574 371 609 413 ott
627 373 687 414 FINE
704 371 873 414 oruaartoals
887 369 1015 412 nubtura
1274 351 1309 409 ⁶23

179 472 220 536 Et
241 491 311 540 sane
328 477 391 551 ‚huc
412 481 547 544 recidunt
568 483 727 546 sententiae
747 499 848 546 omnes
869 482 1121 560 pbilosophorum,
1141 482 1237 562 quiin
1251 484 1309 545 fine

136 573 245 638 ultimo
272 576 492 642 determinando
516 581 726 656 praescindunt
751 598 769 644 a
795 579 867 655 Deo,
894 588 924 642 et
950 596 987 642 ex
1012 581 1129 642 duobus
1155 581 1310 644 elementis

135 673 277 746 bominis,
292 689 413 752 corpore
427 677 540 740 scilieet
553 683 582 740 et
596 680 703 757 animo,
724 686 778 741 aut
799 694 891 740 unum
911 685 965 740 aut
978 678 1103 740 alterum
1117 687 1171 739 aut
1183 679 1309 741 iunctio·

134 785 206 832 nem
235 773 388 851 utriusque
416 775 573 852 praecipue
602 776 740 838 tuendam
769 776 945 853 suscipiunt.
970 773 1051 848 Quos
1077 790 1114 836 ne
1138 784 1170 836 ut
1191 777 1310 837 turbam

133 869 336 931 inordinatam
358 872 530 950 cogitemus,
552 873 657 936 demus
683 874 757 951 ipsis
781 874 885 946 duces,
908 889 1016 952 eosque
1036 874 1259 952 antiquissimos
1280 883 1310 935 et

135 966 317 1044 praeclaros,
338 971 389 1046 qrri
414 970 581 1034 stabiliores
602 979 700 1034 sectas
724 972 925 1034 condiderunt.
948 969 1006 1034 Pro
1033 972 1196 1034 fautoribus
1220 973 1311 1050 igitur

136 1066 299 1144 voluptatis
325 1076 383 1132 stet
408 1068 564 1148 Epicurus,
592 1073 644 1150 qui
671 1072 702 1134 in
729 1087 764 1135 ea
794 1073 882 1135 finem
903 1071 1041 1134 ultimum
1061 1072 1189 1134 bominis
1210 1073 1309 1148 reponi

136 1164 242 1239 voluit,
262 1165 406 1246 Aristippi
423 1169 531 1246 placita
557 1178 700 1248 sequutus
716 1168 767 1249 (l).
782 1166 907 1232 Honesti
928 1168 1094 1231 adsertores
1116 1169 1207 1232 ducat
1225 1165 1310 1240 Zeno,

135 1262 304 1329 Stoicorum
335 1265 477 1345 princeps,
505 1269 610 1346 quiin
638 1269 758 1343 virtute,
786 1268 834 1332 vel
863 1269 968 1331 melius
988 1268 1018 1328 in
1039 1268 1182 1344 sapientia
1203 1267 1311 1329 virtute

136 1363 272 1441 praedita
286 1365 428 1429 bonorum
442 1375 607 1429 extremum
621 1367 785 1441 constituit,
800 1367 878 1446 qnod
893 1367 980 1428 etiam
995 1371 1063 1426 ante
1083 1365 1181 1442 ipsum
1204 1364 1311 1426 fecisse

136 1463 258 1525 videtur
279 1463 477 1527 Antisthenes.
499 1463 632 1544 Denique
653 1466 748 1544 quiin
766 1467 877 1528 virtute
891 1462 981 1526 simul
1001 1469 1031 1525 et
1052 1461 1202 1539 voluptate
1223 1463 1310 1524 finem

137 1559 277 1622 ultimum
299 1561 428 1626 residere
450 1563 547 1636 veiint,
570 1570 720 1625 auctorem
741 1564 869 1624 habeam
884 1559 1090 1632 Aristotelem3
1104 1560 1157 1637 qui
1171 1559 1200 1620 in
1215 1560 1310 1637 primo

137 1659 217 1721 libro
240 1655 414 1722 Etbicorum
436 1660 606 1723 felicitatem
621 1662 650 1723 in
664 1662 832 1739 operatione
846 1659 1010 1722 secundnm
1031 1658 1170 1720 virtutem
1185 1658 1229 1720 sie
1242 1673 1311 1721 con-

136 1755 248 1828 stituit,
273 1764 306 1818 ut
336 1764 433 1820 cetera
460 1758 533 1819 bona
561 1774 616 1820 non
642 1757 749 1833 desint,
773 1758 842 1820 licet
866 1773 922 1819 non
943 1764 977 1817 ot
998 1771 1067 1832 pars
1090 1755 1239 1832 primaria,
1259 1756 1310 1816 sed

136 1860 257 1915 tanturn
280 1855 463 1916 secundaria.
484 1853 550 1918 Hoc
571 1857 650 1918 idem
671 1865 728 1930 est,
748 1857 776 1918 ni
798 1854 891 1928 fallor,
913 1871 948 1918 ao
968 1855 1138 1918 felicitatem
1149 1856 1179 1916 in
1193 1854 1312 1916 eonion-

135 1952 240 2014 ctione
258 1953 420 2030 voluptatis
441 1967 508 2016 cnm
532 1954 641 2016 virtute
663 1969 810 2031 reponere.

180 2047 336 2112 Gradatim
357 2051 546 2114 ostendemus
568 2051 678 2114 nullam
700 2067 736 2115 ex
757 2052 838 2114 bisce
859 2051 1010 2113 sententiis
1032 2051 1213 2128 probandam
1237 2066 1312 2123 esse,

136 2147 230 2224 idqne
251 2146 395 2210 claritatis
415 2149 513 2227 gratia
533 2148 682 2212 distinctis
704 2149 952 2228 propositionibus
970 2164 1173 2227 exsequemur.

139 2408 210 2456 quae
226 2396 324 2452 statuit,
340 2403 472 2459 tamquam
486 2384 678 2445 fundamentum
689 2397 841 2446 moralitatis
853 2397 1010 2451 utilitatem,
1026 2397 1133 2444 firmiter
1148 2395 1228 2444 credit
1239 2396 1314 2443 aetio-

139 2487 191 2523 nes
208 2488 262 2522 esse
279 2477 360 2524 bonas
376 2477 401 2524 in
419 2478 612 2536 comparatione
629 2477 755 2526 felicitatis
773 2492 849 2541 quam
870 2476 989 2535 afferunt,
1005 2482 1030 2523 et
1047 2486 1136 2524 contra
1157 2490 1215 2524 esee
1231 2473 1312 2524 males

140 2556 164 2604 si
183 2557 342 2606 contrarium
358 2555 474 2618 gignunt.
490 2557 598 2606 Nomine
615 2562 702 2606 autem
714 2557 841 2608 felicitatis
857 2556 1005 2618 intelligitur
1021 2556 1142 2618 voluptas
1157 2563 1202 2603 aut
1218 2555 1313 2604 doloris

132 2635 285 2683 absentia»
303 2635 517 2684 L'Utiliturt'sme
539 2651 586 2700 par
604 2637 626 2685 J.
644 2637 752 2686 Sanaar
769 2637 840 2686 Mirr.
863 2637 960 2686 tradnit
976 2637 1007 2685 de
1025 2634 1151 2699 l'Anglais
1173 2651 1220 2698 por
1240 2635 1269 2683 P.
1284 2636 1312 2684 L.

135 2715 176 2762 Le
196 2713 330 2763 Mosarna.

189 2793 223 2853 (1)
241 2795 341 2844 Acriter
357 2797 514 2859 disputatum
531 2805 570 2846 est
586 2811 602 2844 a
618 2795 772 2860 philosophis
790 2802 877 2845 utrum
888 2797 913 2844 in
926 2796 1056 2860 voluptate
1067 2797 1180 2859 corporis
1192 2811 1225 2844 on
1236 2795 1314 2845 animi

136 2889 270 2923 summurn
287 2875 382 2924 bonnm
397 2875 522 2939 Epicurus
534 2876 701 2933 collocaverit,
717 2889 775 2924 cum
786 2877 906 2925 virtutem
923 2877 1000 2926 etiarn
1010 2876 1085 2925 valde
1096 2875 1247 2924 laudaverit.
1263 2875 1313 2924 Sed

134 2954 349 3016 adstipulandam
361 2962 422 3018 puto
433 2958 575 3006 sententiae
587 2955 612 3005 S.
625 2957 747 3014 Thomae,
759 2957 801 3019 qui
814 2957 845 3006 de
862 2972 894 3005 ea
909 2972 938 3005 re
955 2957 991 3005 oio
1007 2957 1107 3005 scribit:
1119 2955 1260 3018 «Epicurei
1272 2957 1315 3017 qui

133 3033 298 3096 voluptatem
315 3050 443 3084 summum
453 3037 547 3084 bonum
558 3037 737 3094 aestimabant,
752 3032 887 3098 diligenter
904 3036 1020 3085 colebant
1036 3036 1151 3091 virtutos,
1167 3035 1212 3084 sed
1230 3041 1313 3082 tamen

134 3119 246 3177 propter
270 3113 434 3178 voluptatem,
455 3131 486 3162 ne
502 3115 597 3164 scilicet
618 3131 663 3180 per
680 3116 809 3164 contraria
824 3117 990 3164 vitiosorum
1008 3115 1125 3178 voluptas
1142 3115 1314 3176 impediretur.

135 3192 209 3243 Gula
225 3194 291 3242 enim
307 3209 351 3258 per
368 3195 588 3244 immoderantiam
600 3195 648 3244 cibi
666 3195 765 3244 dolores
777 3195 892 3258 eorporis
909 3201 1022 3258 generat.
1034 3194 1145 3257 Propter
1161 3194 1257 3241 furtum
1274 3192 1315 3242 ali-

133 3273 199 3338 quis
216 3275 311 3322 carceri
327 3276 492 3338 mancipatur.
508 3274 541 3324 Et
552 3276 587 3324 ita
598 3275 699 3324 diversa
710 3275 771 3324 vitia
782 3275 951 3324 diversimode
969 3273 1124 3337 voluptatem
1140 3273 1287 3336 impediunt.
1299 3290 1313 3316 »

132 3354 164 3400 ln
185 3351 209 3399 1.
219 3353 390 3406 Etbicoruot,
407 3354 464 3403 lect.
475 3353 499 3402 8.

187 3431 254 3481 Huic
276 3435 347 3497 gregi
371 3441 538 3484 accensentur
562 3434 743 3483 materialistae
763 3448 794 3482 ac
820 3435 955 3494 sensistae3
978 3449 1041 3497 quos
1066 3435 1132 3482 inter
1157 3431 1315 3495 Maupertuis

138 3513 234 3572 (Esset
243 3514 274 3562 de
284 3515 386 3576 philos.
398 3517 513 3575 morule)
528 3529 582 3564 rem
599 3515 636 3564 sic
647 3513 762 3577 explicat.
775 3513 939 3578 Voluptatem
950 3514 1061 3578 appellat
1072 3514 1211 3562 motionem
1222 3526 1315 3576 quam-

137 3594 207 3643 dam
221 3593 295 3642 animi
311 3595 350 3644 vel
368 3596 520 3654 sensionem,
537 3609 614 3658 quam
630 3595 705 3664 horno
717 3595 812 3644 mavult
824 3594 926 3654 habere,
939 3609 1017 3657 quam
1028 3609 1077 3642 non
1090 3594 1191 3642 habere.
1203 3592 1315 3655 Tempus

134 3688 216 3730 vero,
231 3687 277 3736 quo
294 3675 357 3724 haec
372 3675 455 3732 durat,
472 3676 497 3724 in
509 3676 579 3722 varia
590 3681 719 3723 momenta
735 3675 846 3737 partitur
856 3690 863 3732 ;
873 3688 938 3736 quae
949 3680 1078 3722 momenta
1096 3671 1176 3720 felicia
1194 3670 1316 3720 nominat.

132 3754 210 3802 Tum
222 3752 315 3802 bonum
331 3755 430 3817 reponit
446 3754 472 3802 in
490 3769 589 3804 summa
607 3760 796 3802 momentorum
813 3753 935 3814 felicium;
953 3754 1047 3803 malum
1066 3760 1155 3800 contra
1174 3752 1198 3798 in
1216 3766 1317 3800 summa
1347 3773 1350 3783 ·

128 3839 331 3884 momentorum
347 3835 491 3884 infelicium.
503 3834 566 3884 Cum
576 3847 636 3882 vero
648 3834 756 3897 quisque
769 3834 846 3882 homo
857 3839 965 3896 utreque
978 3847 1078 3881 summa
1094 3830 1227 3887 afficiatur,
1238 3844 1316 3879 unam

127 3931 168 3964 ex
187 3912 273 3962 altera
289 3915 394 3964 subduci
410 3915 487 3964 iubet.
500 3915 534 3971 Si,
545 3914 712 3963 subductione
729 3913 805 3971 facta,
817 3912 912 3976 aliquid
929 3913 986 3960 boni
1001 3916 1125 3972 superest,
1141 3910 1250 3958 habetur
1267 3908 1317 3957 feli·

129 3995 218 4052 citas,
227 3993 266 4042 sin
278 3993 371 4058 aliquid
381 3993 448 4053 mali,
459 3995 567 4043 habetur
576 3993 718 4062 infelicitas.
732 3992 814 4048 Quam
827 3993 979 4041 sententiam
991 3990 1043 4038 sere
1055 3989 1146 4038 iisdem
1154 3988 1237 4038 verbis
1247 4003 1318 4038 reco-

127 4085 221 4140 quere
233 4078 365 4122 oonatuse
381 4079 391 4121 t
403 4075 476 4124 Gioia
488 4075 513 4139 in
526 4074 580 4122 suis
589 4071 735 4122 Elementt‘e
744 4071 945 4134 Philosophiae.
954 4076 1026 4134 parte
1038 4070 1121 4127 tertia,
1132 4070 1215 4133 capite
1226 4069 1315 4132 primo.
