3159 4934
374 374 461 419 curus
478 376 516 419 ιιι.
533 374 569 417 nr
587 372 688 417 socrum
705 372 820 417 unvanus
836 374 953 418 caurmn
1194 360 1247 417 367

85 492 337 568 ratimaeceptnm
351 505 420 552 cum
441 503 599 568 progressu
614 488 808 562 coniunduut;
824 504 869 564 ac,
883 488 970 551 modo
985 488 1113 551 societas
1133 498 1249 552 utcum-

83 604 138 668 que
156 590 304 660 incitetur,
324 602 390 650 eam
412 586 548 664 progredi
568 586 760 649 arbitrantur.
778 583 872 660 Quem
892 601 1021 650 errorem
1043 594 1075 649 ui
1097 594 1247 664 tueantur,

84 688 161 752 aliud
175 685 335 749 absurdum
350 684 476 747 addunt:
492 699 681 763 progressum
695 700 758 746 esse
771 680 915 760 fatalem,
929 698 964 745 ac
982 699 1037 745 nun
1053 698 1139 761 posse
1154 700 1248 762 genus

84 789 253 857 humanum,
266 784 323 845 uisi
341 773 563 861 progrediendo,
579 782 697 845 moveri.
714 781 755 843 At
769 783 876 844 mirum
892 788 938 843 cst
952 790 1130 860 quantopere
1149 780 1179 843 iu
1193 781 1250 845 boc

83 884 238 948 averitate
252 880 385 944 delirent.
406 877 447 943 Ut
467 880 544 942 euim
559 879 770 957 experientiam
788 880 935 951 omittam,
956 893 1032 957 quae
1053 886 1163 957 gentes,
1183 888 1251 941 aute

83 982 267 1054 cultissimus,
289 988 389 1057 postea
410 980 439 1039 in
462 978 637 1055 profundam
652 977 818 1040 barbariam
834 976 979 1040 corruisse
1000 992 1086 1054 saepe
1104 984 1248 1053 testatur;

81 1089 162 1145 certe
181 1078 262 1141 nulla
285 1084 354 1138 sunt
375 1076 498 1138 rationis
518 1076 673 1154 principia,
694 1091 770 1155 quae
793 1074 911 1138 illorum
932 1074 1096 1152 opinionem
1127 1075 1250 1153 probatu

85 1180 202 1258 diguam
230 1176 368 1239 efficiant.
390 1171 467 1237 Nam
489 1174 556 1246 etsi,
571 1174 654 1235 iuxta
679 1170 818 1235 leibnitii
844 1173 1070 1249 pronuntiatum,
1087 1190 1249 1253 praeseus,

85 1275 276 1357 peritomen
292 1269 642 1351 irnosuctqgrnuidum
655 1272 703 1331 esi
715 1268 838 1347 fniurt',·
855 1278 951 1333 tamen
972 1270 1001 1332 id
1018 1286 1074 1333 uun
1095 1271 1175 1333 aliud
1195 1271 1250 1333 im-

83 1380 189 1452 portat,
210 1370 266 1433 nisi
288 1386 395 1435 causas
417 1377 447 1431 et
466 1370 589 1431 edoctus
610 1367 687 1431 inter
707 1383 740 1430 se
760 1368 892 1429 conuecti
911 1368 963 1441 sic,
978 1375 1012 1429 ut
1032 1369 1062 1430 hi
1085 1382 1199 1445 semper
1219 1370 1248 1431 in

82 1472 201 1536 illarum
222 1472 335 1535 viribus
357 1479 387 1533 ct
408 1470 540 1548 proxima
555 1468 742 1545 dispositione
763 1468 904 1554 rationem
928 1468 973 1529 sui
995 1468 1187 1529 sufficientem
1207 1469 1251 1529 in-

81 1573 208 1634 veniant.
230 1571 271 1634 At
296 1582 483 1647 nequaquam
509 1565 644 1640 includit,
665 1581 717 1628 uec
745 1564 893 1628 includere
916 1571 1020 1642 potest,
1042 1567 1249 1627 necessitatem

80 1669 200 1731 assidue
226 1666 397 1731 deveniendi
417 1665 455 1727 ad
481 1663 630 1727 meliorem
659 1671 780 1736 statum,
808 1664 849 1724 ita
878 1670 911 1723 ut
938 1663 1069 1725 futurum
1099 1671 1248 1727 transacto

77 1768 189 1846 iugiter
210 1749 346 1844 praeelet.

120 1864 219 1943 Atque
232 1864 263 1925 id
277 1878 379 1924 verum
392 1867 437 1923 est
450 1859 566 1922 etiamsi
581 1874 598 1920 a
613 1858 750 1920 libertate
763 1857 893 1919 humana
909 1858 1114 1936 cogitationem
1130 1857 1247 1920 abstra-

80 1965 201 2035 hamus,
227 1976 295 2023 cnm
320 1957 430 2037 optime
452 1957 619 2034 contingere
645 1956 738 2031 possit
761 1963 795 2016 ut
819 1970 926 2017 causae
953 1958 1041 2018 etiam
1067 1958 1249 2019 necessariae

81 2060 203 2137 gignant
217 2059 340 2121 effeetus
362 2054 511 2133 prioribus
531 2054 700 2127 deteriores,
715 2052 777 2115 sive
799 2062 921 2132 proptor
938 2054 1059 2118 edoctas
1074 2055 1160 2133 vires,
1174 2070 1250 2132 quae

81 2156 252 2217 assiduitate
267 2153 391 2217 aetionis
414 2151 613 2223 debilitentur,
627 2150 692 2214 sive
714 2158 832 2229 propter
853 2151 1071 2229 impedimenta,
1085 2167 1160 2230 quae
1175 2153 1249 2216 iorte

80 2244 251 2316 efficacitati
271 2250 443 2313 earumdem
464 2249 647 2311 obiiciantur.
664 2245 748 2320 Quod
769 2249 962 2311 confirmatur
978 2248 1112 2328 analogia
1127 2257 1249 2312 naturae

80 2367 247 2429 corporeae,
268 2351 297 2411 in
317 2365 375 2427 qua
404 2348 539 2409 videmus
561 2363 607 2409 res
627 2363 683 2410 nou
712 2362 823 2423 paucas
845 2346 946 2408 statim
975 2357 1041 2423 post
1064 2347 1247 2409 nativitatem

79 2464 212 2511 arescere
234 2456 286 2509 aut
310 2445 457 2524 gradatim
479 2445 638 2521 eorrumpi,
659 2453 774 2506 ceteras
795 2459 863 2506 vero
885 2452 1041 2522 postquam
1066 2444 1103 2505 ad
1127 2443 1250 2507 maturi·

80 2555 173 2610 tatem
190 2546 381 2623 pervenerint,
398 2544 536 2606 continuo
550 2544 708 2619 tabescere,
724 2550 813 2620 atque
834 2543 872 2604 ad
892 2542 1112 2605 dissolutionem
1127 2551 1157 2605 et
1172 2558 1249 2607 mor-

79 2655 140 2709 tem
163 2644 338 2722 pedetentim
360 2640 515 2704 declinare.

118 2740 197 2814 Quid
219 2757 286 2803 vero
307 2738 462 2802 dicendum
483 2739 549 2811 crit,
571 2738 596 2799 si
616 2736 782 2801 libertatem
805 2736 957 2817 addamus,
972 2754 1041 2815 qua,
1058 2745 1089 2800 ut
1111 2739 1246 2801 homines

78 2838 236 2911 individui,
257 2838 300 2900 sic
319 2838 410 2899 etiam
436 2836 569 2899 nationes
588 2843 620 2897 ct
639 2842 734 2898 totum
763 2835 927 2897 humanum
949 2851 1041 2914 genus
1066 2837 1246 2899 instruitur?

78 2934 214 2999 Profecto
235 2934 376 2997 mutabile
396 2934 544 3012 ingenium
564 2932 655 2995 buius
676 2947 796 3006 causae,
810 2947 885 3019 quae
907 2933 1024 3015 proprie
1045 2934 1174 2997 actiones
1196 2936 1251 2996 bo·

75 3035 167 3097 minis
188 3033 234 3095 vel
254 3033 333 3098 elicii
348 3032 393 3095 vel
406 3033 541 3124 imperat,
552 3041 583 3095 et
600 3031 698 3109 ipsum
719 3032 863 3094 iuduxum
885 3047 1044 3094 causarum
1066 3033 1247 3095 naturalium

75 3133 282 3211 quadantenus
296 3132 475 3204 moderatur,
490 3130 597 3192 thesim
611 3130 848 3193 adversariorum
863 3129 979 3193 omniuo
994 3131 1094 3192 diruit.
1110 3130 1245 3195 Libertas

75 3230 157 3293 enim
178 3230 318 3304 bumana,
339 3236 373 3291 ut
392 3230 423 3291 in
444 3230 563 3302 bouum,
578 3230 622 3292 sie
643 3229 732 3291 etiam
747 3229 777 3291 iu
793 3227 903 3290 malum
924 3228 1031 3291 ssexilis
1045 3238 1106 3303 est3
1121 3246 1166 3303 ac,
1180 3229 1249 3292 licet

74 3329 166 3390 bomo
188 3328 218 3389 vi
238 3335 360 3390 naturae
378 3326 416 3388 ad
437 3328 641 3404 perfectionem
663 3327 824 3400 ordinetur,
840 3334 937 3389 tamen
958 3326 1036 3389 hane
1056 3334 1180 3389 uenturae
1201 3342 1248 3389 or-

72 3425 256 3488 dinationem
279 3440 366 3503 saepe
386 3426 557 3488 frustratur.
622 3506 625 3509 Α

116 3522 182 3586 Nec
197 3521 302 3584 melius
316 3522 479 3601 quidquam
494 3524 520 3583 is
541 3523 705 3601 proficeret,
719 3522 782 3600 qui,
796 3522 833 3584 ad
849 3523 1054 3585 necessitatem
1074 3536 1249 3599 progressus

73 3622 227 3697 tuendam,
249 3621 380 3686 divinam
402 3620 613 3698 providentiam
634 3622 664 3683 in
685 3620 817 3683 medium
839 3622 964 3683 adcrret.
980 3617 1062 3682 Haec
1083 3620 1160 3681 euim
1180 3619 1249 3682 licet

71 3720 175 3783 omnia
197 3719 413 3797 sapientissime
427 3717 563 3795 disponat
577 3734 613 3781 ac
633 3720 749 3782 fortiter
764 3720 852 3781 duem
866 3718 1008 3796 attingat;
1025 3732 1081 3801 uon
1105 3726 1201 3778 tamen
1219 3716 1249 3779 in

70 3816 233 3879 effectibus
248 3818 313 3879 suis
333 3825 507 3893 conceptum
521 3808 690 3894 suppeditat
710 3816 807 3889 seriei,
821 3816 851 3877 iu
873 3832 931 3894 qua
946 3832 994 3878 res
1011 3814 1056 3878 sic
1070 3816 1251 3888 ordinentur,

70 3922 108 3976 ut
130 3915 277 3993 posterior
299 3915 441 3993 superiori
464 3929 580 3991 semper
602 3914 767 3976 antecellat.
790 3912 869 3977 Satis
897 3922 944 3975 est
972 3921 1003 3975 ut
1024 3914 1191 3992 quicunqne
1211 3912 1251 3975 sii

71 4028 188 4075 cursus
208 4028 307 4076 rerum
323 4012 371 4075 vel
386 4028 532 4086 recursus,
546 4020 598 4074 aut
613 4027 816 4092 quaecumque
831 4012 870 4074 sit
884 4012 1026 4075 habitudo
1041 4024 1197 4074 cansarum
1212 4012 1252 4075 ad

71 4126 151 4175 suos
171 4112 310 4184 effectus3
331 4118 394 4173 tota
415 4126 515 4173 rerum
535 4119 624 4190 atque
644 4117 815 4174 eventorum
830 4110 975 4173 ordinatio
996 4110 1047 4171 fini
1066 4108 1251 4190 respondeat,

68 4224 168 4289 quem
182 4205 264 4271 Deus
278 4208 412 4281 intendit,
427 4208 513 4271 modo
523 4208 616 4270 aciem
638 4208 745 4271 mentis
765 4216 882 4271 nostrae
905 4223 1026 4286 prorsus
1048 4216 1251 4285 exsuperante.

116 4305 170 4369 Ad
192 4322 253 4369 rem
275 4306 375 4385 itaque
390 4306 537 4369 venientes
558 4307 749 4368 observamus
764 4305 795 4368 in
817 4305 922 4384 primis
944 4313 1057 4367 motum
1078 4304 1169 4367 alium
1184 4321 1251 4369 esse
