3159 4934
308 283 362 344 188
392 299 435 343 IUS
453 302 579 346 uetustum
598 321 607 332 ·
621 305 695 348 ,ntus
714 306 730 348 1.
750 306 792 348 tus
810 305 1002 350 mutvtutttut-
1015 304 1101 346 CAPUT
1119 305 1155 346 tv.
1171 306 1206 346 DE
1224 305 1331 348 unricus
1343 305 1401 347 ETC.

307 413 382 492 est);
406 422 468 476 tum
490 414 577 478 etiam
601 415 672 496 quia
692 432 729 480 ex
750 418 841 480 huius
859 417 1006 480 industria
1027 416 1143 480 lucrum
1163 420 1322 494 enascitur,
1334 418 1477 482 iniustum

307 520 406 575 autem
428 520 474 575 ost
494 514 616 577 alterius
635 515 801 578 industriae
821 515 954 578 fructum
974 515 1032 578 sibi
1052 531 1203 595 usurpare.

346 603 395 672 88.
420 607 451 676 tn
475 609 583 677 iocum
605 626 725 678 usurae
741 608 823 678 iioito
838 608 1030 678 substituitur
1046 607 1166 680 tuorum
1189 609 1303 698 tapeto.
1320 611 1478 691 lindonae

308 705 445 782 diximus,
460 724 528 772 vera
549 708 624 783 siut;
639 719 737 772 tamen
759 718 856 788 potest
874 711 1009 784 societas,
1022 710 1060 772 ad
1082 711 1290 774 commercium
1308 725 1479 788 promouen-

307 803 389 878 dum,
403 805 564 870 sancirent
583 806 636 885 qui
649 807 805 885 pecuniam
820 805 952 869 mutuam
967 807 1085 887 accipit,
1100 807 1213 886 aliquid
1227 808 1309 871 danti
1323 806 1478 879 retribuat,

307 901 386 981 quod
407 899 528 966 lucrum
542 901 641 982 opao
653 904 712 966 disi
727 891 835 982 po'test.
849 901 928 968 Nam
942 905 972 967 in
988 904 1135 982 praesenti
1154 905 1321 968 commercii
1336 903 1475 983 amptitu-

307 1000 374 1062 dine
388 1007 418 1062 et
430 1001 570 1064 vastitate
586 1002 730 1065 mutuatio
749 1002 889 1080 pecuniae
902 1018 958 1066 nou
973 1003 1060 1066 modo
1081 1002 1249 1084 utilissima,
1264 1017 1366 1068 uerum
1387 1002 1476 1064 ctiam

307 1098 424 1164 omnino
445 1099 607 1163 necessaria
628 1101 729 1163 evasit.
751 1101 794 1164 At
814 1101 899 1164 valde
926 1100 1085 1164 difficulter
1112 1101 1311 1164 invenirentur
1331 1100 1383 1178 qui
1413 1115 1475 1162 eam

308 1204 444 1259 mutuam
465 1198 579 1272 darent,
593 1197 619 1260 si
641 1198 720 1262 nulla
742 1198 871 1262 utilitato
891 1198 1090 1274 allicerentur;
1112 1215 1149 1262 ex
1170 1213 1230 1278 quo
1250 1198 1429 1260 commercia
1449 1205 1476 1260 et

308 1310 407 1358 rernm
430 1297 660 1373 permutationes
681 1312 822 1376 magnum
837 1297 1045 1360 detrimentum
1066 1303 1212 1375 caperent.
1226 1293 1359 1359 Societas
1376 1296 1474 1374 igitur,

308 1400 342 1454 ut
366 1393 440 1454 bono
464 1378 612 1456 communi
634 1395 806 1472 prospiciat,
827 1396 906 1457 sicut
927 1394 1095 1473 vectigalia,
1117 1395 1236 1474 tributa,
1257 1402 1287 1457 et
1307 1393 1368 1457 alia
1389 1409 1473 1457 onera

307 1504 361 1567 pro
382 1489 499 1567 publica
514 1490 640 1554 utilitate
663 1492 812 1570 imponere
826 1500 938 1570 potest;
952 1494 993 1556 ita
1007 1494 1096 1555 etiam
1118 1493 1165 1554 ius
1178 1493 1268 1556 habet
1281 1492 1429 1554 statuendi
1444 1498 1473 1553 ot

305 1588 356 1667 qui
378 1587 552 1651 beneficium
568 1597 688 1652 mutuae
709 1591 850 1668 pecuniae
864 1592 922 1653 trui
943 1591 1101 1664 desiderat,
1114 1590 1341 1654 determinatum
1357 1590 1469 1653 lucrum

306 1685 453 1748 mutuanti
474 1687 622 1764 rependat.
645 1685 726 1751 Tunc
747 1687 849 1750 licebit
869 1688 943 1751 illud
968 1689 1103 1766 accipere
1123 1706 1141 1750 a
1162 1689 1360 1760 mutuatario;
1383 1688 1470 1766 siqui-

305 1784 372 1846 dem
393 1800 449 1847 non
464 1783 610 1863 accipitur
629 1793 663 1847 ut
685 1802 784 1859 usura,
799 1786 849 1848 sed
872 1793 904 1848 ut
926 1786 1087 1863 praemium
1109 1802 1126 1847 a
1147 1786 1212 1864 tege
1229 1793 1360 1849 cautum.
1375 1784 1418 1849 At
1437 1800 1469 1847 ue

305 1880 362 1942 hoc
382 1878 498 1943 lucrum
523 1881 616 1960 legale
636 1884 666 1945 in
687 1898 808 1945 usuram
834 1883 998 1963 degeneret,
1019 1900 1093 1961 opos
1111 1889 1157 1946 est
1178 1893 1213 1946 ut
1232 1885 1310 1946 intra
1332 1885 1465 1946 terminos

304 1976 498 2054 contineatur,
519 1980 568 2058 qui
591 1980 636 2043 vel
657 1980 695 2044 ab
716 1981 779 2059 ipsa
802 1980 866 2061 tege
887 1980 998 2044 definiti
1019 1983 1088 2057 sint,
1110 1980 1156 2045 vel
1182 1983 1341 2060 probentur
1361 1999 1378 2044 a
1398 1981 1463 2042 viris

305 2074 450 2136 iustitiam
470 2083 500 2138 et
521 2077 706 2141 honestatem
727 2077 901 2142 colentibus.

344 2170 422 2236 Vide
436 2181 528 2238 totam
549 2175 626 2238 hanc
647 2176 683 2238 de
704 2193 791 2239 usura
814 2179 1043 2240 controversiam
1060 2177 1138 2257 apud
1154 2176 1393 2255 Tapareliiuma
1410 2191 1465 2256 ouo

304 2271 447 2350 profunde
466 2279 495 2336 et
515 2272 738 2352 diligentissime
759 2281 939 2354 pertractata
957 2283 1005 2338 est
1021 2273 1072 2355 (t).

347 2475 382 2538 (1)
400 2476 498 2540 Suppio
516 2478 636 2526 teoretico
652 2478 682 2526 ἀί
700 2478 801 2526 Diritto
817 2481 954 2533 naturale,
971 2479 1036 2529 Dies.
1053 2481 1093 2536 vt,
1108 2491 1132 2530 e.
1148 2481 1172 2537 4,
1189 2498 1211 2530 a
1228 2482 1250 2530 4.

687 3235 761 3280 niuis
783 3236 858 3281 tuuis
879 3236 1082 3297 tuntvtnttotts.
