3159 4934
293 306 348 368 232
620 319 660 362 rus
679 320 805 364 uawnne
822 339 832 348 -
851 319 918 363 raus
936 321 963 362 n.
982 321 1023 363 rus
1041 319 1148 364 socracn

293 447 384 512 quam
405 447 422 495 a
444 439 549 494 natura
569 433 750 510 propositum
771 439 851 495 amet
870 432 957 510 eique
976 432 1166 511 obsequatur.
1182 431 1317 496 Primum
1338 449 1403 508 rem
1421 434 1469 496 la-

293 530 407 596 etitiam
428 529 560 604 exbibet,
574 529 700 592 altarum
713 529 889 608 naturalem,
904 530 955 594 sed
969 531 1101 594 humano
1116 546 1196 594 more
1210 537 1372 608 peractam.
1384 529 1467 609 Ignis

292 635 371 690 certe
391 642 448 689 non
469 626 627 700 comburit,
647 627 705 690 nisi
727 628 868 690 materiae
888 628 1105 691 comburendae
1118 628 1323 691 admoveatur.
1339 625 1467 692 Dicesne

293 733 448 804 propterea
468 726 702 789 combustionem
723 742 780 790 non
801 741 866 788 esse
886 725 1072 789 naturalemi

295 881 298 889 .
325 811 434 890 obite
445 820 482 887 ll.
493 821 626 887 Societas
640 823 803 887 domestica
818 824 916 901 speeie
930 824 1029 886 differt
1044 825 1211 887 asocictate
1225 822 1357 901 politica.
1371 823 1467 902 Atqui

293 935 405 995 eorum,
431 937 508 1000 quae
536 922 634 999 specie
660 922 808 997 dillerunt,
830 923 931 1000 nequit
959 937 1050 984 unum
1076 923 1207 986 converti
1227 921 1257 983 in
1278 921 1371 994 aliud,
1391 922 1467 1000 quin

293 1027 501 1096 corrumpatur
516 1029 547 1082 et
560 1021 701 1094 interent;
714 1020 795 1098 quud
810 1019 847 1081 de
867 1019 979 1082 lamilia
1000 1027 1136 1097 respectu
1159 1019 1309 1082 societatis
1325 1018 1467 1096 politicae

294 1116 353 1179 dici
376 1132 431 1179 non
453 1124 559 1194 potest.
575 1115 656 1196 Ergo
667 1116 770 1196 nequit
790 1119 828 1180 ex‘
848 1117 958 1179 familia
980 1118 1051 1180 oriri
1066 1119 1192 1181 societas
1214 1116 1344 1194 politica.

334 1211 372 1277 R.
394 1211 480 1277 Dist.
504 1216 588 1278 mai:
608 1213 720 1294 specie
740 1215 840 1279 differt
864 1222 1016 1294 tamquam
1038 1213 1227 1294 organismos
1248 1213 1407 1292 perfectior
1426 1215 1468 1288 ab

294 1311 464 1391 organismo
479 1313 575 1374 rninus
589 1313 726 1390 perfecto,
739 1313 768 1375 in
784 1312 871 1375 cuius
886 1313 996 1376 virtute
1016 1313 1190 1386 continetur,
1203 1329 1296 1387 cone·
1312 1319 1467 1390 tamquam

295 1426 343 1473 res
364 1428 380 1472 a
402 1425 435 1473 re
456 1412 573 1489 penitus
592 1411 720 1484 diversa,
740 1409 890 1490 respond
911 1410 987 1473 min.
1010 1410 1120 1488 pariter
1140 1407 1224 1472 dist:
1245 1407 1369 1483 Eorum,
1389 1425 1467 1488 quae

295 1507 393 1585 specie
407 1508 546 1571 differunt
561 1509 662 1586 nequit
684 1523 773 1570 unum
788 1508 818 1572 in
833 1508 915 1570 aliud
929 1507 1070 1582 converti,
1083 1506 1155 1587 quin
1175 1507 1310 1580 intereat,
1325 1506 1351 1568 si
1367 1507 1467 1586 specie

294 1604 433 1672 differunt
458 1606 586 1668 secundo
612 1605 711 1677 modo,
737 1608 898 1681 baasam,-
924 1606 950 1667 si
975 1605 1071 1683 specie
1095 1605 1236 1668 differunt
1249 1605 1347 1682 primo
1368 1604 1467 1678 modo,

293 1719 381 1782 nepo.

333 1797 474 1878 Magnum
488 1800 645 1864 discrimen
665 1810 712 1863 est
732 1802 809 1862 iuter
828 1799 1045 1872 conversiones,
1063 1815 1139 1878 qnae
1156 1801 1234 1862 fiunt
1248 1815 1300 1876 per
1315 1806 1468 1862 transmo-

295 1899 434 1986 tationem
456 1898 544 1960 unius
568 1898 611 1961 rei
632 1898 662 1960 in
687 1899 785 1972 aliam,
806 1905 837 1960 et
856 1914 932 1977 quae
958 1899 1035 1960 liunt
1055 1913 1107 1975 per
1126 1895 1353 1974 explicationem
1379 1898 1482 1967 ruinius⁴

295 1995 337 2056 rei
351 2010 388 2057 ex
403 1992 471 2070 alia,
485 1995 514 2057 in
530 1995 614 2057 cuius
628 1996 738 2059 virtute
752 1997 965 2059 continebatur.
976 1993 1042 2058 Hoc
1058 1992 1219 2071 posteriore
1233 2008 1323 2056 sensu
1339 1993 1467 2056 societas

296 2091 415 2170 politica
428 2098 585 2172 generatur
598 2109 616 2155 a
630 2093 770 2156 societate
781 2093 952 2173 domestica,
971 2107 1047 2171 quae
1069 2091 1190 2169 proinde
1209 2106 1277 2153 esse
1298 2106 1388 2153 suum
1409 2105 1468 2154 non

294 2192 415 2268 amittit,
436 2193 488 2255 sed
509 2200 660 2271 umquam
682 2208 751 2271 pars
778 2201 913 2271 superest
933 2194 963 2254 in
984 2192 1152 2270 organismo
1173 2191 1356 2269 perlectiore,
1377 2207 1467 2270 quem

252 2295 256 2304 ·
294 2289 398 2368 gignit.
419 2288 454 2354 Id
474 2291 548 2354 adeo
562 2306 664 2353 verum
679 2298 735 2362 est,
751 2298 784 2352 ut
797 2290 888 2353 etiam
907 2304 1029 2367 persona
1043 2288 1206 2362 individua,
1220 2304 1297 2367 quae
1317 2296 1398 2352 certe
1419 2304 1469 2352 or·
1565 2312 1566 2349 3

294 2390 461 2469 ganismnm
487 2390 598 2454 nullum
621 2391 784 2466 constituit,
806 2392 858 2455 sed
878 2398 993 2453 tantum
1014 2395 1062 2452 est
1081 2386 1259 2451 clementum
1281 2389 1467 2468 organicum,

294 2487 364 2550 dum
386 2489 555 2552 societatem
578 2488 770 2552 domesticam
792 2488 979 2551 matrimonio
993 2486 1115 2550 inchoat
1136 2495 1188 2549 aut
1202 2487 1390 2565 generatione
1404 2502 1468 2548 am·

295 2586 417 2665 plificat,
438 2602 494 2650 non
515 2587 626 2650 idcirco
648 2588 724 2664 perit
744 2587 774 2648 in
795 2587 907 2649 ratione
921 2584 1076 2658 individui,
1091 2585 1143 2647 sed
1157 2585 1222 2647 iura
1240 2583 1405 2661 personalia
1420 2599 1467 2646 re·

295 2685 400 2758 tineus,
419 2700 453 2746 ea
476 2691 589 2746 tanturn
611 2685 760 2748 intorserit
780 2684 864 2748 novis
883 2683 1007 2758 iuribus,
1021 2691 1096 2761 qnae
1116 2698 1154 2745 cx
1175 2696 1251 2745 novo
1269 2688 1363 2756 statu,
1376 2697 1465 2760 quem

294 2781 467 2859 ingreditur,
488 2782 632 2845 oriuntur.

277 2887 281 2890 ·
333 2875 471 2958 Ceterum
492 2879 737 2942 considerandum
757 2886 804 2942 est
824 2879 875 2942 liic
896 2879 943 2957 agi
972 2879 1010 2941 de
1030 2878 1158 2956 simplici
1178 2876 1327 2955 analogia,
1350 2878 1466 2941 nonde

295 2977 422 3054 perlecta
444 2977 584 3054 paritate
604 2978 703 3057 agitur
723 2977 801 3040 euim
822 2978 859 3040 de
880 2975 1124 3039 transmutatione
1146 2973 1259 3048 morali,
1273 2989 1352 3051 quae
1366 2974 1466 3036 diver·

294 3072 413 3136 sissima
434 3080 479 3135 est
499 3090 516 3136 a
539 3075 780 3137 transmutatione
803 3075 937 3154 physica.

759 3333 928 3396 Auricunus
949 3329 999 3397 ΙΙΙ.

634 3462 684 3528 De
705 3465 768 3538 liae
787 3465 945 3529 societatis
968 3464 1119 3544 politicae.

334 3659 381 3726 42.
404 3658 548 3728 Gravitas
563 3657 764 3745 quaestionis.
781 3659 904 3724 Maximi
922 3661 1058 3724 momenti
1074 3669 1119 3725 cst
1134 3661 1163 3723 in
1178 3663 1242 3724 iure
1257 3662 1363 3725 sociali
1379 3679 1468 3741 prac-

295 3777 361 3822 sens
381 3761 544 3840 vestigatio,
566 3759 655 3838 idque
672 3759 782 3837 triplici
797 3759 983 3837 potissimum
997 3775 1034 3822 ex
1047 3775 1147 3822 causa.
1162 3757 1308 3834 Primum,
1322 3761 1394 3839 quia
1408 3761 1468 3824 nisi

296 3858 362 3919 linis
384 3858 533 3922 societatis
554 3865 583 3920 et
605 3858 722 3931 bonum,
736 3857 816 3936 quod
829 3856 879 3919 illa
893 3856 1010 3933 assequi
1033 3857 1150 3930 nititur,
1163 3857 1220 3920 rite
1233 3858 1467 3931 determinetur;

296 3952 383 4030 dirigi
398 3956 545 4032 sapienter
558 3954 657 4032 nequit
671 3954 735 4015 eius
749 3954 890 4031 operatio,
904 3969 958 4016 nec
972 3954 1090 4016 deliniri
1104 3961 1185 4017 certo
1200 3955 1310 4031 poterit
1320 3956 1360 4018 ad
1374 3971 1466 4034 quum
1566 3944 1567 3953 '

296 4050 517 4115 destinationem
532 4052 709 4131 implendam
724 4052 821 4116 civilis
838 4059 966 4129 potestas
979 4059 1113 4130 spectare
1126 4052 1241 4115 debeat
1257 4049 1380 4128 Deinde,
1393 4054 1466 4132 qnia

295 4145 400 4207 exinde
420 4149 607 4224 repetendum
635 4158 681 4212 est
702 4149 865 4222 criterium,
891 4165 950 4227 quo
979 4149 1119 4226 perlectio
1146 4150 1293 4229 cuiusque
1313 4151 1466 4216 societatis

295 4241 487 4318 diiudicetur,
511 4261 585 4321 quae
599 4253 724 4309 certeco
740 4244 946 4324 praestabilior
960 4247 1017 4308 erit
1038 4255 1068 4316 ct
1081 4246 1279 4321 excellentior,
1294 4263 1354 4326 quo
1370 4250 1465 4328 magis
