3159 4934
313 319 345 376 10
808 330 978 376 nunnonuerro

131 354 141 421 i

19 379 42 448 ’
74 392 127 476 W
137 385 252 480 ιμ’
177 413 259 492 '·‘tW
312 448 509 528 voluntatis·
502 467 531 511 ιι
552 448 698 513 obiectum
720 449 851 522 ferimur,
872 457 960 526 prout
979 448 1008 509 in
1030 464 1063 510 se
1082 455 1136 528 est
1157 463 1225 511 oum
1246 449 1366 528 ipsoque
1387 451 1479 512 animi

126 565 195 637 ι
210 571 287 650 ,ιω
312 553 392 608 motu
407 545 588 624 copulamur.
602 543 700 620 Quare
716 561 767 622 per
781 546 960 609 voluntatem
979 546 1096 624 proprie
1117 548 1147 608 in
1169 548 1315 625 praesenti
1336 548 1396 611 vita
1418 549 1480 610 cir·

214 651 229 667 “
283 642 396 705 culus
415 642 463 704 ille
477 643 640 720 completur
661 650 813 706 creaturae
833 643 993 721 rationalis,
1007 659 1076 722 quo,
1093 659 1161 707 cum
1175 661 1194 706 a
1207 643 1270 707 Deo
1284 660 1335 724 per
1349 645 1481 708 existen·

56 717 175 807 ΜᾸ
205 713 287 815 quet
313 739 382 804 tiam
404 741 534 816 prolecta
556 743 604 819 sit,
626 747 655 802 et
676 741 820 803 mundum
839 741 1069 819 adspectahilem
1094 757 1148 820 ope
1169 757 1309 804 sensuum
1335 743 1479 820 attigerit,

21 837 29 847 “
136 817 193 928 *²⁴
311 852 400 914 seque
414 837 603 900 internoverit
617 836 646 898 vi
660 837 866 916 conscientiae,
883 838 921 900 ad
932 834 1037 912 Deum
1052 854 1104 916 per
1117 840 1259 903 rationem
1273 846 1477 918 conspectum,

180 928 215 993 ἰ..
310 951 341 996 se
364 943 524 1012 promovet,
544 934 629 1013 eique
653 935 848 1014 coniungitur.
870 931 953 1006 Quae
977 947 1043 999 eum
1065 939 1106 999 ita
1132 939 1201 1012 sint,
1226 938 1294 1016 quis
1319 953 1375 1000 uun
1396 937 1481 1000 videt

310 1032 521 1110 praestantiam
535 1032 615 1094 illius
630 1033 779 1106 scientiae,
793 1049 870 1110 quae
880 1034 956 1096 hanc
968 1034 1080 1097 volendi
1091 1034 1272 1108 laenitatem
1285 1051 1371 1098 curus
1380 1034 1478 1097 excel

245 1121 397 1192 lentia
417 1129 490 1192 adeo
509 1137 600 1208 patet,
622 1131 678 1194 sihi
699 1130 953 1208 contemplandam
974 1146 1009 1193 ac
1030 1131 1211 1210 dirigendam
1233 1133 1380 1195 assumit?

348 1227 397 1290 hd
409 1227 565 1289 utilitatem
581 1243 649 1290 vero
663 1228 740 1306 quod
756 1229 872 1302 attinet,
885 1229 1042 1307 disciplina
1057 1230 1132 1293 haec
1145 1246 1202 1292 non
1217 1231 1296 1293 iners
1309 1231 1339 1293 in
1356 1234 1476 1309 propria

14 1329 20 1350 ¹
40 1313 90 1381 (ι
88 1339 107 1371 ι
105 1184 204 1389 ’,ιιι
183 1310 287 1400 ΜΞΝ
290 1325 550 1402 contemplatione
565 1335 672 1399 manet,
686 1327 737 1388 sed
751 1326 949 1403 operationem
964 1335 1101 1405 spectans
1114 1327 1152 1389 ad
1166 1327 1257 1389 vitam
1276 1329 1404 1391 hominis
1418 1329 1479 1392 rite

58 1389 187 1470 ²0¹an
213 1409 250 1496 (ἲ
310 1423 526 1501 temperandam
548 1432 637 1502 atque
657 1425 863 1502 incongruum
886 1425 973 1486 tinem
989 1425 1215 1501 promovendam
1237 1441 1269 1488 se
1289 1426 1433 1490 convertit
1446 1434 1478 1488 et

79 1517 116 1554 '···'¹
131 1483 267 1624 WW
271 1519 301 1554 ’
277 1519 445 1599 applicat.
467 1518 553 1593 Quod
574 1521 674 1600 quanti
696 1521 884 1584 emolumenti
904 1522 954 1595 sit,
975 1537 1050 1598 opus
1070 1537 1127 1584 non
1148 1530 1194 1585 est
1216 1529 1249 1584 ut
1267 1523 1365 1585 verbis
1386 1539 1479 1602 exag-

64 1617 136 1678 <tu
144 1583 210 1666 ’ἱ
206 1600 415 1712 (pv-genem
439 1617 561 1698 Siquid
582 1619 658 1680 enim
683 1619 812 1683 hominis
833 1621 963 1693 interest,
984 1620 1042 1682 hoc
1064 1621 1194 1699 prolecto
1216 1628 1262 1682 est
1284 1621 1419 1699 maxime,
1443 1628 1480 1682 ut

12 1733 85 1811 ,χιιι
84 1699 168 1816 KQ
186 1679 276 1842 We*
272 1720 399 1781 vitam
421 1719 503 1781 iuxta
521 1733 621 1781 omnes
637 1718 803 1790 relationes
817 1718 925 1797 quihus
939 1719 1078 1792 afficitur,
1093 1720 1241 1796 sapienter
1255 1728 1413 1799 sancteque
1428 1735 1479 1782 or-

249 1809 396 1889 dinet,
417 1823 505 1893 atque
524 1815 562 1876 ad
583 1817 670 1878 linem
685 1815 901 1892 assequendum
923 1816 1043 1891 nitatur,
1066 1815 1103 1877 oh
1117 1831 1204 1895 quem
1225 1815 1360 1879 conditus
1376 1833 1393 1876 a
1412 1814 1478 1879 Deo

210 1893 361 1987 ἰιιιιι
377 1911 454 1976 Hinc
470 1913 577 1974 mimm
591 1913 698 1976 nemini
716 1914 808 1977 videri
824 1913 910 1976 dehet
931 1914 955 1975 si
978 1913 1087 1975 summi
1102 1914 1287 1992 antiquitatis
1306 1913 1474 1992 philosophi

14 2000 44 2046 “³
85 1986 257 2094 ‘tgna
268 2013 384 2073 thauc
405 2012 557 2073 seientiam
579 2011 608 2073 in
624 2011 750 2074 culmine
765 2011 926 2089 sapientiae
940 2011 1118 2086 collocarint,
1140 2027 1176 2074 ao
1190 2009 1340 2075 Socratem
1363 2012 1477 2076 ideirco

87 2187 89 2194 .
232 2099 492 2194 potissimum
505 2109 707 2187 philosophiae
721 2118 868 2188 parentem
883 2109 1085 2182 salutaverint,
1098 2109 1177 2187 quud
1190 2109 1323 2172 abnuenti
1336 2117 1366 2172 et
1380 2110 1476 2172 sterili
1571 2164 1572 2167 ,

48 2261 51 2268 ,
85 2258 126 2275 ,,
114 2147 239 2288 Μ’,
191 2221 280 2364 33
306 2208 503 2286 antiquiorum
518 2207 761 2285 contemplatione
781 2207 820 2268 ad
840 2207 983 2270 eiusmodi
999 2191 1154 2269 iocundam
1167 2214 1198 2270 et
1218 2222 1370 2285 operosam
1385 2207 1476 2270 disei-
1571 2194 1572 2275 ?

266 2304 415 2384 plinam
438 2306 550 2368 animos
572 2305 761 2368 revocaverit.
1571 2340 1573 2439 3

68 2391 233 2471 tv
248 2409 276 2447 ι
346 2401 468 2476 Quod
445 2421 470 2466 ιι
492 2403 592 2467 nonin
610 2403 705 2480 seipsa
728 2410 758 2466 et
778 2403 875 2480 quoad
890 2403 981 2467 vitam
1004 2402 1141 2476 hominis,
1162 2403 1243 2466 sed
1235 2421 1265 2465 m
1286 2414 1363 2467 nexu
1383 2419 1473 2481 quem

18 2526 208 2601 mr
194 2492 264 2566 ἰ’-ι
274 2519 372 2593 ¹¹,cum
395 2504 500 2566 ceteris
520 2502 682 2579 disciplinis
703 2503 802 2573 hahet
824 2504 897 2564 haec
917 2501 1039 2564 scientia
1060 2501 1275 2577 consideretur,
1297 2516 1352 2562 non
1366 2499 1475 2562 minori
1570 2542 1571 2553 ι

22 2613 40 2626 ”
57 2598 81 2652 '.
115 2573 279 2718 ist·
269 2601 430 2673 utrlrtate
443 2609 473 2663 et
494 2600 636 2680 dignitate
658 2599 790 2677 praedita
804 2600 967 2677 apparehrt
982 2598 1141 2663 Enimvero
1154 2607 1234 2662 artes
1248 2613 1359 2672 omnes
1379 2615 1405 2659 sr
1420 2599 1478 2661 ho-

50 2705 55 2717 “
122 2685 158 2764 ’.
209 2698 213 2707 '
273 2696 401 2762 nostae
422 2713 485 2759 esse
505 2699 623 2770 dehent,
643 2706 706 2758 tum
728 2697 757 2759 in
779 2698 837 2760 line
858 2713 944 2775 quem
960 2697 1017 2759 sihi
1033 2705 1199 2775 proponunt
1221 2705 1283 2758 tum
1304 2696 1334 2757 iu
1355 2695 1474 2758 delectu
1570 2705 1572 2767 ,

42 2766 115 2836 ”“ι’
144 2783 230 2864 .”’“.“ἰ
237 2772 330 2871 ‘tet
351 2813 407 2859 usu
434 2795 605 2872 mediorum,
630 2795 731 2872 procul
750 2795 842 2861 dubio
862 2802 887 2857 a'
898 2788 1005 2857 morah
1023 2784 1150 2856 suenda
1170 2795 1381 2903 gubernantur,
1395 2809 1474 2870 quae
1570 2770 1572 2847 l

38 2952 42 2978 ,
247 2894 425 2972 proinde
446 2893 637 2956 Aesthetieae
651 2895 787 2971 imperat,
805 2895 853 2970 ne,
864 2888 989 2976 queclp
997 2892 1131 2983 tuamne
1126 2871 1270 2965 delirans,
1288 2890 1449 2995 pulcrum
1442 2907 1473 2954 ιιι
1526 2898 1570 2988 ,ξ

101 3036 107 3057 ,
134 3021 237 3116 3
250 2993 385 3094 ’.ιιιιρι
406 3001 436 3054 et
450 2993 585 3055 indecoro
600 2993 738 3070 requirat.
755 2973 944 3068 Philosophia
959 2964 1223 3085 veroppeculativa'
1238 2973 1380 3086 potine
1371 2974 1521 3050 scien&
1537 2992 1555 3026 ι

25 3075 96 3114 “¹
132 3075 137 3084 ’
250 3073 375 3152 tiam
389 3089 527 3152 moralem
542 3090 643 3162 hahet3
660 3065 908 3166 quemahmutlm
923 3086 1050 3166 cognrtro
1061 3088 1099 3150 ad
1113 3087 1311 3174 operationem
1323 3085 1474 3164 drmgrtur
1533 3108 1571 3137 ο

256 3197 334 3252 et
355 3189 560 3267 perspicientia
582 3189 644 3252 veri
664 3187 702 3250 ad
723 3176 851 3249 amoreni
874 3187 951 3276 honi.
1540 3152 1571 3253 ι

278 3283 401 3350 Sed
417 3287 543 3350 maxime
556 3287 645 3350 huius
656 3284 775 3348 moralis
786 3285 927 3348 scientiae
937 3300 1022 3347 usum
1034 3286 1145 3348 hahent
1155 3283 1284 3361 reliquae
1295 3267 1471 3376 disciplihae

51 3372 118 3458 ’,,.ι
139 3384 195 3441 ‘vl-*2
216 3376 259 3442 ’ἱῖ
277 3385 421 3464 civiles;
437 3400 521 3462 quae,
536 3384 626 3447 veluti
640 3384 760 3447 arbores
775 3399 812 3444 ex
826 3382 968 3445 radiceet
982 3383 1057 3445 rami
1072 3398 1107 3444 ex
1121 3383 1331 3456 trunco,abea
1346 3396 1470 3442 succum
1567 3446 1570 3475 3

255 3492 332 3554 et
354 3485 443 3545 vitam
465 3483 614 3545 hauriunt.
637 3480 721 3556 Sane,
741 3481 812 3560 quid
833 3488 913 3543 esset
933 3479 1168 3557 lurisprudentia
1189 3488 1241 3541 aut
1257 3477 1390 3556 Politice,
1405 3479 1469 3541 sine
1568 3478 1570 3555 ζ

181 3650 185 3660 .
304 3581 421 3656 praevia
442 3580 605 3658 cognitione
626 3594 727 3642 earum
756 3593 865 3652 rerum,
886 3594 962 3655 quae
982 3578 1012 3639 iu
1040 3578 1172 3640 doctrina
1201 3593 1315 3640 morum
1341 3584 1371 3638 et
1395 3577 1473 3639 iuris

241 3661 259 3678 '⁸
302 3685 425 3739 naturae
447 3677 630 3740 tractantur?
653 3674 717 3740 Non
738 3675 820 3738 aliud
842 3677 980 3752 prolecto,
1002 3674 1058 3736 uisi
1080 3676 1223 3754 indigesta
1245 3679 1424 3737 statutorum
1439 3683 1472 3737 et
1567 3742 1568 3745 ,

302 3776 539 3854 praeceptionum
562 3774 662 3847 moles,
683 3788 720 3836 err
741 3775 887 3836 arbitratu
908 3774 1106 3852 pendentium,
1127 3781 1157 3836 et
1177 3788 1301 3850 corpora
1322 3772 1472 3850 quaedam
1567 3766 1568 3831 i

66 3917 77 3938 .,
303 3873 365 3933 sine
391 3873 497 3934 anima
523 3869 579 3937 Vis
601 3871 679 3933 enim
707 3871 829 3934 interior
852 3881 883 3933 et
907 3873 990 3949 quasi
1020 3871 1109 3934 vitale
1133 3871 1312 3949 principium
1337 3879 1401 3931 tum
1430 3869 1474 3932 le·
1567 3918 1569 3957 3

137 4009 151 4030 ·.
240 3947 372 4048 Qum
394 3968 535 4048 civilium,
557 3976 620 4031 tum
635 3967 779 4046 cuiusque
801 3969 942 4047 sapientis
962 3967 1225 4030 administrationis
1246 3977 1276 4030 et
1294 3968 1404 4030 lormae
1424 3983 1474 4030 re·
1567 3962 1569 3983 ⁶

216 4115 223 4127 .
242 4063 421 4145 'giminis
441 4083 497 4130 uon
518 4065 634 4129 aliunde
654 4067 869 4145 suppeditatur,
884 4065 939 4128 nisi
959 4082 996 4129 ex
1010 4067 1125 4130 notione
1139 4069 1206 4130 huis
1220 4067 1258 4129 ad
1278 4082 1365 4145 quem
1380 4067 1473 4130 homo
1566 4110 1567 4117 ι

92 4160 104 4243 ’,
220 4171 257 4232 ἶ·
303 4171 332 4226 et
352 4162 478 4226 societas
500 4164 634 4226 universa
650 4165 751 4243 tendit,
773 4172 863 4243 atque
877 4181 913 4226 ex
934 4172 1075 4242 conceptu
1090 4165 1227 4227 absoluto
1248 4173 1278 4227 et
1291 4147 1492 4227 rmmutahrh
1514 4169 1557 4222 ιιι

107 4255 112 4263 “
142 4252 157 4267 ’“
225 4239 260 4262 ”’
304 4261 433 4324 iustitiae
448 4261 671 4376 naturalisque
685 4263 842 4384 relationes
861 4277 978 4383 omues,
986 4264 1095 4375 quihus
1114 4253 1203 4386 homo
1223 4265 1362 4389 allicitur,
1382 4260 1478 4388 iniur-
