3159 4934
284 385 369 428 carba
389 385 416 426 ll.
434 385 469 428 DE
487 385 655 428 ornandique
673 361 783 428 ll'bnmrm
801 385 887 428 rubim
905 385 1055 428 nebularum
1073 386 1100 427 lli
1119 387 1197 427 l‘lNEltl
1296 374 1327 427 Μ

154 500 293 561 dumento
317 515 376 576 quo
397 498 548 573 fulciatur,
579 499 657 562 idem
681 499 798 561 omniuo
823 506 869 560 est
892 505 981 576 atque
1005 499 1143 561 ellectum
1175 501 1330 562 adstruere

153 598 219 660 sine
240 611 341 658 causa.
358 594 444 670 Quod
464 597 489 658 si
504 597 725 659 fundamentum
740 596 769 657 in
785 596 914 658 medium
929 595 1064 671 adertur3
1080 597 1139 657 iarn
1161 597 1330 660 fundamen·

155 703 220 756 tum
242 695 386 757 eiusmodi
408 710 465 758 uon
480 711 549 759 uero
570 695 678 772 opinio,
698 709 774 774 quae
794 695 839 757 illi
861 696 1084 773 superstruitur,
1103 694 1259 756 dicendum
1274 695 1330 757 erit

153 792 333 862 moralitatis
357 793 545 871 principium.

198 887 308 951 Deinde
328 889 426 967 opinio
448 906 495 952 rcs
517 891 597 966 varia
619 898 665 953 est
686 897 715 953 et
736 889 889 953 mutabilis
908 899 939 953 et
959 891 1086 964 diuersa,
1109 898 1194 966 prout
1213 890 1328 953 diversa
1363 853 1399 969 l,
1453 921 1458 928 ·

1394 647 1501 716 'Alpe'
1519 647 1546 689 'A

153 1098 233 1160 quae
252 1082 349 1160 ipsam
371 1085 541 1164 ingenerare
571 1093 702 1163 possunt.
725 1086 767 1148 At
788 1094 890 1148 contra
911 1086 1055 1148 iudicium
1078 1087 1114 1148 de
1139 1086 1271 1150 honestis
1293 1102 1349 1148 ae·

153 1183 258 1261 pravis
280 1184 404 1261 actibus
419 1183 522 1246 saltem
541 1185 579 1246 iis
599 1185 651 1263 qui
673 1201 724 1264 per
745 1202 776 1247 se
800 1191 898 1261 patent
912 1193 964 1246 aut
978 1185 1059 1264 dacili·
1073 1185 1294 1248 ratiocinatione
1310 1201 1327 1246 a

154 1279 261 1358 primis
276 1281 428 1359 principiis
441 1282 621 1356 derivantur,
635 1282 713 1345 idem
728 1283 813 1361 plane
826 1291 873 1345 est
886 1292 915 1345 et
929 1284 1113 1345 immutabile
1130 1271 1210 1361 apud
1224 1300 1326 1346 omnes

154 1385 268 1458 gentes,
290 1377 369 1457 Ergo
390 1379 499 1444 morale
517 1379 674 1444 discrimen
696 1382 845 1444 actionum
868 1382 1064 1443 humanarum
1085 1382 1212 1459 pendere
1227 1383 1329 1460 nequit

153 1477 195 1539 ab
220 1476 352 1553 opinione
378 1478 562 1556 populorum.
583 1477 622 1542 Et
643 1495 714 1542 sane
734 1496 836 1542 omnes
857 1489 959 1559 gentes
981 1480 1207 1558 blasphemiam,
1230 1483 1328 1559 periu·
1343 1489 1360 1511 ⁸

152 1576 245 1650 rium,
266 1577 502 1654 perduellionem,
523 1578 656 1641 dolosum
680 1581 869 1656 promissum,
889 1588 920 1640 et
940 1579 1058 1651 similia,
1080 1578 1235 1640 inhonesta
1262 1596 1328 1642 esse
1358 1601 1371 1665 p

154 1683 285 1752 censent,
310 1690 482 1752 semperque
510 1684 695 1740 censuerunt.
719 1675 838 1750 Contra,
864 1686 1016 1754 tamquam
1042 1677 1150 1739 bouum
1175 1675 1329 1740 dilaudant
1357 1673 1391 1687 '¹

154 1771 256 1846 fidem,
271 1773 487 1848 liberalitatem,
502 1773 671 1837 Divinitatis
692 1776 877 1852 obsequium,
896 1784 926 1837 et
946 1773 1004 1836 alia
1025 1773 1180 1837 eiusmodi.
1200 1773 1280 1854 Ergo
1302 1777 1329 1837 si

154 1869 229 1934 talia
250 1871 358 1933 iudicia
373 1871 417 1960 ab
438 1873 570 1948 opinione
596 1873 763 1951 penderent,
784 1873 907 1934 effectus
930 1880 1082 1949 superaret
1104 1889 1235 1934 causam.
1261 1872 1328 1936 Nisi

155 1969 251 2046 igitur
271 1969 432 2032 absurdum
454 1973 511 2034 boe
526 1971 641 2033 admitti
664 1971 743 2050 velit,
757 1971 908 2033 latendum
929 1979 974 2032 cst
991 1972 1114 2033 edoctus
1131 1979 1190 2032 tarn
1213 1973 1329 2034 univer·

153 2067 232 2130 salis
245 2075 274 2130 et
295 2069 464 2143 constantis,
485 2070 682 2133 universalem
703 2077 733 2131 et
754 2076 937 2132 constantem
951 2084 1017 2130 esse
1031 2084 1163 2141 eausam,
1179 2085 1256 2147 quae
1269 2071 1326 2130 alia

153 2181 226 2229 esse
247 2167 347 2244 nequit
369 2165 425 2230 uisi
446 2176 553 2229 natura
574 2169 676 2230 antid
697 2169 777 2247 quod
798 2169 827 2230 in
849 2175 954 2230 natura
974 2166 1121 2229 fundatur.

200 2262 307 2338 Tertio,
328 2265 478 2329 criterium
501 2266 627 2328 alicuius
642 2267 684 2329 rei
698 2267 800 2344 nequit
815 2282 881 2328 csse
895 2267 935 2339 id,
956 2266 1035 2344 quud
1055 2264 1105 2326 illa
1128 2264 1239 2343 indiget
1253 2274 1327 2327 tam·

153 2377 248 2441 quam
271 2363 396 2427 criterio.
412 2363 505 2442 Atqui
527 2379 580 2427 nos
603 2381 654 2441 per
675 2366 872 2426 moralitatem
893 2364 1061 2426 iudicamus
1081 2365 1257 2440 opinionem,
1271 2379 1327 2426 nou

155 2461 309 2523 viceversa
326 2477 377 2539 per
392 2463 555 2539 opinionem
571 2463 776 2526 moralitatem.
792 2461 831 2524 Et
844 2478 923 2536 sane,
937 2478 1005 2524 curn
1021 2462 1183 2538 opinionem
1199 2460 1326 2539 aliquam

153 2558 303 2632 audimus,
324 2575 380 2623 non
393 2545 544 2633 sistimus,
566 2561 618 2622 sed
633 2560 721 2622 altius
742 2560 926 2637 assurgimus
946 2559 982 2620 ad
1005 2565 1178 2636 conceptum
1199 2558 1327 2636 aliquem

154 2656 345 2730 rationalem
369 2665 401 2719 ut
421 2659 574 2721 videamus
595 2667 694 2720 utrum
716 2659 813 2736 opinio
834 2659 883 2719 illa
906 2659 981 2720 bona
1002 2657 1041 2718 sit
1062 2666 1092 2719 et
1115 2657 1327 2735 amplectenda,

153 2768 197 2816 an
219 2754 294 2816 mala
316 2763 404 2833 atque
417 2755 482 2819 ideo
497 2756 685 2833 repudianda.
706 2753 817 2818 Norma
833 2757 925 2834 igitur
940 2755 1115 2818 moralitatis
1136 2771 1172 2817 ex
1194 2757 1328 2832 opinione

153 2852 333 2932 populorum
355 2853 469 2916 desumi
490 2853 600 2956 neqult.

199 2947 247 3012 31.
270 2947 446 3014 Paocosrrro
468 2948 511 3013 2⁸.
534 2951 704 3014 Actionem
725 2949 936 3014 bumanorum
957 2948 1121 3012 moralitas
1141 2968 1204 3012 non
1215 2950 1329 3028 pendet

152 3066 179 3110 a
204 3045 324 3130 leychens
341 3047 497 3112 bernonis
1350 3111 1362 3137 =,

200 3143 285 3208 Prob.
308 3144 379 3223 Nos,
400 3148 490 3209 ductu
505 3155 637 3223 naturae,
652 3146 750 3224 legum
766 3146 925 3209 bonitatem
940 3161 976 3208 ex
993 3147 1215 3223 praesupposita
1231 3135 1354 3208 moram
1368 3184 1371 3193 ι
1383 3186 1407 3205 η
1427 3169 1442 3204 o
1457 3177 1476 3199 n·
1487 3141 1505 3187 ἕ

153 3245 243 3307 litate
263 3246 411 3308 actionum
433 3246 580 3323 metimur,
602 3262 659 3308 nou
672 3247 744 3308 -vice
764 3261 857 3308 versa.
873 3242 967 3306 Nemo
988 3244 1064 3306 enim
1081 3245 1118 3306 ad
1133 3244 1326 3306 obediendum
1379 3273 1382 3277 ·
1412 3260 1491 3331 3
1516 3299 1523 3313 ,

153 3343 274 3421 legibus
290 3358 320 3404 se
336 3343 479 3422 adstringi
493 3343 646 3416 diiudicat,
668 3343 721 3404 nisi
738 3343 898 3420 perspiciat
912 3342 984 3403 nihil
999 3341 1073 3418 ipsis
1087 3343 1237 3417 contineri,
1249 3344 1327 3421 quod
1369 3364 1401 3376 ·
1440 3331 1570 3429 imi-'Q

152 3441 297 3504 iniustum
312 3451 364 3503 ant
384 3439 508 3518 impium
524 3442 580 3514 sit,
596 3457 682 3503 secus
697 3442 734 3502 ad
749 3440 947 3504 obedientiam
966 3441 1064 3518 potius
1078 3431 1278 3518 denegandam
1295 3445 1371 3502 se'·'⁴
1426 3432 1446 3519 ¹j'
1471 3452 1479 3517 ,’

155 3537 241 3616 adigi
255 3540 444 3601 existimaret.
457 3537 590 3616 Quisque
604 3539 679 3601 enim
693 3540 784 3611 sentitv
796 3554 828 3600 se
842 3538 946 3600 altiore
957 3538 1138 3621 obligatione
1153 3539 1254 3614 teneri,
1269 3556 1327 3617 qua
1339 3550 1361 3644 3⁴
1486 3526 1499 3583 ’ἶ
1519 3558 1522 3566 ·
1537 3621 1541 3627 ⁴

154 3633 235 3698 solvi
256 3636 332 3697 nulla
355 3637 417 3716 lege
439 3639 567 3700 humana
591 3637 697 3715 possim
719 3645 749 3699 et
763 3637 811 3698 cui
832 3636 856 3697 si
880 3635 1051 3707 reluctetur,
1071 3638 1212 3696 rationem
1233 3637 1328 3712 ipsam
1347 3655 1352 3662 ·
1376 3633 1380 3640 ’
1400 3638 1417 3716 ᾗ

154 3732 281 3804 uiolabit
295 3743 325 3796 et
339 3741 482 3812 quantum
498 3735 527 3795 iu
543 3749 575 3796 sc
589 3743 636 3796 est
650 3734 806 3807 interimet.
818 3731 857 3795 Et
871 3748 952 3806 saue,
964 3734 989 3793 si
1004 3733 1078 3794 adeo
1094 3748 1183 3810 prava
1198 3735 1344 3796 exstaret*
1411 3788 1427 3809 .,
1538 3752 1541 3762 ·

154 3833 297 3906 societas,
312 3847 387 3910 quae
402 3833 501 3909 impiis
515 3833 629 3912 legibus
650 3833 854 3909 delectaretur,
877 3847 912 3894 ac
928 3831 1056 3907 rapinas,
1077 3825 1242 3908 latrocinia,
1266 3847 1331 3908 pcr-
1412 3846 1415 3853 ¹

153 3930 246 4004 iuria,
266 3931 394 4005 fraudes,
415 3930 567 4011 adulteria,
584 3940 736 4008 parentum
759 3937 788 3990 et
809 3929 918 3992 civium
940 3944 1050 4000 necem,
1065 3937 1094 3988 et
1115 3928 1228 4006 siquid
1249 3922 1349 3991 aliud¹
1375 3940 1379 3944 “
1432 3944 1435 3949 ⁴
1471 3923 1492 3956 ἰ·
1520 3916 1524 3949 ²

153 4031 315 4095 nefandum
336 4038 381 4092 est
395 4037 482 4109 atque
498 4035 593 4107 turpe,
607 4030 747 4101 sanciret3
764 4043 835 4089 uum
849 4027 960 4088 idcireo
974 4027 1048 4087 baec
1069 4027 1183 4104 flagitia
1203 4030 1331 4106 turpitu-

153 4129 227 4193 dine
246 4129 451 4202 liberarentur,
472 4144 564 4206 ncque
584 4127 768 4190 execratione
781 4133 811 4188 et
826 4123 970 4200 supplicio
984 4123 1037 4186 sed
1058 4134 1209 4202 tamquam
1225 4127 1329 4188 decora

154 4233 243 4308 gesta
263 4226 402 4288 laudibus
424 4234 462 4303 et,
484 4226 508 4287 si
531 4223 645 4302 superis
668 4224 772 4300 placet,
795 4222 924 4299 praemio
944 4221 1034 4283 etiarn
1057 4221 1145 4300 digna
1168 4223 1290 4285 suerent?

202 4321 350 4388 breviter:
366 4323 446 4402 leges
464 4325 609 4386 humanae
623 4338 679 4385 uon
696 4322 754 4385 hoc
770 4321 845 4398 ipso,
861 4319 940 4398 quod
954 4319 1034 4399 leges
1049 4330 1128 4394 sunt,
1142 4321 1237 4383 iustae
1251 4331 1330 4394 sunt,
