<?xml version="1.0" encoding="UTF-8"?>
<!DOCTYPE html PUBLIC "-//W3C//DTD XHTML 1.0 Transitional//EN"
    "http://www.w3.org/TR/xhtml1/DTD/xhtml1-transitional.dtd">
<html xmlns="http://www.w3.org/1999/xhtml" xml:lang="en" lang="en">
 <head>
  <title>
</title>
<meta http-equiv="Content-Type" content="text/html;charset=utf-8" />
  <meta name='ocr-system' content='tesseract 3.04.00' />
  <meta name='ocr-capabilities' content='ocr_page ocr_carea ocr_par ocr_line ocrx_word'/>
</head>
<body>
  <div class='ocr_page' id='page_1' title='image "./institutioneset00libegoog_0056.png"; bbox 0 0 3159 4934; ppageno 0'>
   <div class='ocr_carea' id='block_1_1' title="bbox 279 319 1314 377">
    <p class='ocr_par' dir='ltr' id='par_1_1' title="bbox 279 319 1314 377">
     <span class='ocr_line' id='line_1_1' title="bbox 279 319 1314 377; baseline -0.002 -1"><span class='ocrx_word' id='word_1_1' title='bbox 279 333 361 376; x_wconf 74' lang='lat' dir='ltr'>CAPIH*</span> <span class='ocrx_word' id='word_1_2' title='bbox 380 334 407 376; x_wconf 84' lang='lat' dir='ltr'><strong>il.</strong></span> <span class='ocrx_word' id='word_1_3' title='bbox 427 334 462 377; x_wconf 80' lang='lat' dir='ltr'><strong>DE</strong></span> <span class='ocrx_word' id='word_1_4' title='bbox 479 331 643 376; x_wconf 73' lang='lat' dir='ltr'><strong>arumnorum</strong></span> <span class='ocrx_word' id='word_1_5' title='bbox 660 332 771 376; x_wconf 76' lang='lat' dir='ltr'><strong>Humane</strong></span> <span class='ocrx_word' id='word_1_6' title='bbox 789 331 875 376; x_wconf 75' lang='lat' dir='ltr'><strong>amour</strong></span> <span class='ocrx_word' id='word_1_7' title='bbox 893 332 1044 376; x_wconf 75' lang='lat' dir='ltr'><strong>oneramus</strong></span> <span class='ocrx_word' id='word_1_8' title='bbox 1063 333 1090 375; x_wconf 83' lang='grc' dir='ltr'><strong>ΙΝ</strong></span> <span class='ocrx_word' id='word_1_9' title='bbox 1109 332 1188 376; x_wconf 73' lang='lat' dir='ltr'><strong>munti</strong></span> <span class='ocrx_word' id='word_1_10' title='bbox 1282 319 1314 375; x_wconf 75' lang='grc'><strong>51</strong></span> 
     </span>
    </p>
   </div>
   <div class='ocr_carea' id='block_1_2' title="bbox 141 443 1319 3752">
    <p class='ocr_par' dir='ltr' id='par_1_2' title="bbox 147 443 1319 706">
     <span class='ocr_line' id='line_1_2' title="bbox 196 443 1319 526; baseline 0.006 -19"><span class='ocrx_word' id='word_1_11' title='bbox 196 443 341 510; x_wconf 71' lang='lat' dir='ltr'><strong>attacti.</strong></span> <span class='ocrx_word' id='word_1_12' title='bbox 363 445 464 510; x_wconf 84' lang='lat' dir='ltr'><strong>Rudas</strong></span> <span class='ocrx_word' id='word_1_13' title='bbox 485 454 516 509; x_wconf 91' lang='lat' dir='ltr'><strong>et</strong></span> <span class='ocrx_word' id='word_1_14' title='bbox 528 446 638 512; x_wconf 90' lang='lat' dir='ltr'><strong>indocti</strong></span> <span class='ocrx_word' id='word_1_15' title='bbox 654 447 805 526; x_wconf 84' lang='lat' dir='ltr'><strong>proterunt</strong></span> <span class='ocrx_word' id='word_1_16' title='bbox 818 447 927 511; x_wconf 91' lang='lat' dir='ltr'><strong>indicia</strong></span> <span class='ocrx_word' id='word_1_17' title='bbox 942 447 1064 511; x_wconf 88' lang='lat' dir='ltr'><strong>moralia</strong></span> <span class='ocrx_word' id='word_1_18' title='bbox 1085 449 1172 513; x_wconf 89' lang='lat' dir='ltr'><strong>valde</strong></span> <span class='ocrx_word' id='word_1_19' title='bbox 1186 449 1319 514; x_wconf 82' lang='lat' dir='ltr'><strong>celeriter</strong></span> 
     </span>
     <span class='ocr_line' id='line_1_3' title="bbox 147 543 1317 634; baseline 0.003 -27"><span class='ocrx_word' id='word_1_20' title='bbox 147 551 179 608; x_wconf 92' lang='lat' dir='ltr'><strong>et</strong></span> <span class='ocrx_word' id='word_1_21' title='bbox 206 544 269 607; x_wconf 88' lang='lat' dir='ltr'><strong>sine</strong></span> <span class='ocrx_word' id='word_1_22' title='bbox 298 545 356 634; x_wconf 86' lang='lat' dir='ltr'><strong>nlla</strong></span> <span class='ocrx_word' id='word_1_23' title='bbox 384 544 565 608; x_wconf 88' lang='lat' dir='ltr'><strong>difficultate.</strong></span> <span class='ocrx_word' id='word_1_24' title='bbox 591 543 671 624; x_wconf 85' lang='lat' dir='ltr'><strong>Ergo</strong></span> <span class='ocrx_word' id='word_1_25' title='bbox 695 547 725 606; x_wconf 92' lang='lat' dir='ltr'><strong>vi</strong></span> <span class='ocrx_word' id='word_1_26' title='bbox 749 544 908 608; x_wconf 87' lang='lat' dir='ltr'><strong>instinctus</strong></span> <span class='ocrx_word' id='word_1_27' title='bbox 929 545 977 607; x_wconf 93' lang='lat' dir='ltr'><strong>illa</strong></span> <span class='ocrx_word' id='word_1_28' title='bbox 1000 546 1162 622; x_wconf 84' lang='lat' dir='ltr'><strong>proterunt,</strong></span> <span class='ocrx_word' id='word_1_29' title='bbox 1183 562 1239 609; x_wconf 89' lang='lat' dir='ltr'><strong>non</strong></span> <span class='ocrx_word' id='word_1_30' title='bbox 1262 565 1317 610; x_wconf 91' lang='lat' dir='ltr'><strong>usu</strong></span> 
     </span>
     <span class='ocr_line' id='line_1_4' title="bbox 149 643 281 706; baseline 0 0"><span class='ocrx_word' id='word_1_31' title='bbox 149 643 281 706; x_wconf 90' lang='lat' dir='ltr'><strong>rationis.</strong></span> 
     </span>
    </p>

    <p class='ocr_par' dir='ltr' id='par_1_3' title="bbox 189 738 971 820">
     <span class='ocr_line' id='line_1_5' title="bbox 189 738 971 820; baseline -0.003 -16"><span class='ocrx_word' id='word_1_32' title='bbox 189 739 227 804; x_wconf 92' lang='lat' dir='ltr'><strong>R.</strong></span> <span class='ocrx_word' id='word_1_33' title='bbox 253 738 390 804; x_wconf 74' lang='lat' dir='ltr'><strong>uocato</strong></span> <span class='ocrx_word' id='word_1_34' title='bbox 410 740 602 817; x_wconf 73' lang='lat' dir='ltr'><strong>antecedens,</strong></span> <span class='ocrx_word' id='word_1_35' title='bbox 624 742 655 803; x_wconf 91' lang='lat' dir='ltr'><strong>et</strong></span> <span class='ocrx_word' id='word_1_36' title='bbox 674 758 752 820; x_wconf 79' lang='lat' dir='ltr'><strong>nepo</strong></span> <span class='ocrx_word' id='word_1_37' title='bbox 773 756 971 820; x_wconf 76' lang='lat' dir='ltr'><strong>consequens.</strong></span> 
     </span>
    </p>

    <p class='ocr_par' dir='ltr' id='par_1_4' title="bbox 145 837 1318 2578">
     <span class='ocr_line' id='line_1_6' title="bbox 190 837 1313 918; baseline -0.004 -16"><span class='ocrx_word' id='word_1_38' title='bbox 190 837 342 913; x_wconf 83' lang='lat' dir='ltr'><strong>Celeritas,</strong></span> <span class='ocrx_word' id='word_1_39' title='bbox 362 855 438 917; x_wconf 91' lang='lat' dir='ltr'><strong>quae</strong></span> <span class='ocrx_word' id='word_1_40' title='bbox 457 839 604 918; x_wconf 86' lang='lat' dir='ltr'><strong>obiicitur,</strong></span> <span class='ocrx_word' id='word_1_41' title='bbox 627 837 699 900; x_wconf 89' lang='lat' dir='ltr'>nihil</span> <span class='ocrx_word' id='word_1_42' title='bbox 721 845 821 901; x_wconf 88' lang='lat' dir='ltr'><strong>contra</strong></span> <span class='ocrx_word' id='word_1_43' title='bbox 842 853 895 900; x_wconf 90' lang='lat' dir='ltr'><strong>nos</strong></span> <span class='ocrx_word' id='word_1_44' title='bbox 915 837 1106 900; x_wconf 88' lang='lat' dir='ltr'><strong>demonstrat.</strong></span> <span class='ocrx_word' id='word_1_45' title='bbox 1122 837 1217 901; x_wconf 80' lang='lat' dir='ltr'><strong>Adest</strong></span> <span class='ocrx_word' id='word_1_46' title='bbox 1237 838 1313 900; x_wconf 91' lang='lat' dir='ltr'><strong>enim</strong></span> 
     </span>
     <span class='ocr_line' id='line_1_7' title="bbox 148 935 1315 1014; baseline 0 -14"><span class='ocrx_word' id='word_1_47' title='bbox 148 937 180 1000; x_wconf 88' lang='lat' dir='ltr'><strong>iu</strong></span> <span class='ocrx_word' id='word_1_48' title='bbox 202 936 351 1000; x_wconf 91' lang='lat' dir='ltr'><strong>intellectu</strong></span> <span class='ocrx_word' id='word_1_49' title='bbox 376 938 505 999; x_wconf 90' lang='lat' dir='ltr'><strong>hnmano</strong></span> <span class='ocrx_word' id='word_1_50' title='bbox 529 936 680 1000; x_wconf 79' lang='lat' dir='ltr'>inclinatio</span> <span class='ocrx_word' id='word_1_51' title='bbox 708 936 851 1014; x_wconf 87' lang='lat' dir='ltr'><strong>quaedam</strong></span> <span class='ocrx_word' id='word_1_52' title='bbox 877 935 1029 1010; x_wconf 72' lang='lat' dir='ltr'><strong>naturalia</strong></span> <span class='ocrx_word' id='word_1_53' title='bbox 1054 951 1071 997; x_wconf 90' lang='lat' dir='ltr'><strong>a</strong></span> <span class='ocrx_word' id='word_1_54' title='bbox 1099 935 1315 1014; x_wconf 90' lang='lat' dir='ltr'><strong>sapientissimo</strong></span> 
     </span>
     <span class='ocr_line' id='line_1_8' title="bbox 150 1031 1315 1112; baseline 0 -15"><span class='ocrx_word' id='word_1_55' title='bbox 150 1033 281 1098; x_wconf 79' lang='lat' dir='ltr'><strong>Auctore</strong></span> <span class='ocrx_word' id='word_1_56' title='bbox 301 1033 402 1107; x_wconf 84' lang='lat' dir='ltr'><strong>indita,</strong></span> <span class='ocrx_word' id='word_1_57' title='bbox 424 1049 491 1111; x_wconf 86' lang='lat' dir='ltr'><strong>qua,</strong></span> <span class='ocrx_word' id='word_1_58' title='bbox 512 1033 631 1112; x_wconf 86' lang='lat' dir='ltr'><strong>perinde</strong></span> <span class='ocrx_word' id='word_1_59' title='bbox 651 1042 739 1112; x_wconf 88' lang='lat' dir='ltr'><strong>atque</strong></span> <span class='ocrx_word' id='word_1_60' title='bbox 760 1034 788 1095; x_wconf 91' lang='lat' dir='ltr'><strong>in</strong></span> <span class='ocrx_word' id='word_1_61' title='bbox 811 1031 983 1095; x_wconf 74' lang='lat' dir='ltr'><strong>verialibns</strong></span> <span class='ocrx_word' id='word_1_62' title='bbox 1003 1031 1202 1112; x_wconf 74' lang='lat' dir='ltr'><strong>speculativis,</strong></span> <span class='ocrx_word' id='word_1_63' title='bbox 1223 1032 1315 1097; x_wconf 88' lang='lat' dir='ltr'><strong>immo</strong></span> 
     </span>
     <span class='ocr_line' id='line_1_9' title="bbox 147 1129 1317 1210; baseline -0.001 -16"><span class='ocrx_word' id='word_1_64' title='bbox 147 1131 238 1194; x_wconf 88' lang='lat' dir='ltr'><strong>ctiam</strong></span> <span class='ocrx_word' id='word_1_65' title='bbox 254 1131 373 1210; x_wconf 91' lang='lat' dir='ltr'><strong>pronius</strong></span> <span class='ocrx_word' id='word_1_66' title='bbox 391 1138 508 1208; x_wconf 91' lang='lat' dir='ltr'><strong>propter</strong></span> <span class='ocrx_word' id='word_1_67' title='bbox 523 1130 662 1193; x_wconf 90' lang='lat' dir='ltr'><strong>maiorem</strong></span> <span class='ocrx_word' id='word_1_68' title='bbox 678 1131 894 1202; x_wconf 89' lang='lat' dir='ltr'><strong>necessitatem,</strong></span> <span class='ocrx_word' id='word_1_69' title='bbox 909 1130 945 1191; x_wconf 90' lang='lat' dir='ltr'><strong>ad</strong></span> <span class='ocrx_word' id='word_1_70' title='bbox 960 1129 1068 1192; x_wconf 89' lang='lat' dir='ltr'><strong>indicia</strong></span> <span class='ocrx_word' id='word_1_71' title='bbox 1086 1131 1225 1206; x_wconf 90' lang='lat' dir='ltr'><strong>practica,</strong></span> <span class='ocrx_word' id='word_1_72' title='bbox 1240 1146 1317 1208; x_wconf 85' lang='lat' dir='ltr'><strong>qnae</strong></span> 
     </span>
     <span class='ocr_line' id='line_1_10' title="bbox 149 1226 1317 1308; baseline 0 -18"><span class='ocrx_word' id='word_1_73' title='bbox 149 1227 244 1290; x_wconf 88' lang='lat' dir='ltr'><strong>uitam</strong></span> <span class='ocrx_word' id='word_1_74' title='bbox 258 1228 414 1308; x_wconf 88' lang='lat' dir='ltr'><strong>regendam</strong></span> <span class='ocrx_word' id='word_1_75' title='bbox 435 1228 607 1306; x_wconf 88' lang='lat' dir='ltr'><strong>respiciunt,</strong></span> <span class='ocrx_word' id='word_1_76' title='bbox 630 1227 800 1305; x_wconf 87' lang='lat' dir='ltr'><strong>proferenda</strong></span> <span class='ocrx_word' id='word_1_77' title='bbox 821 1227 971 1305; x_wconf 81' lang='lat' dir='ltr'><strong>pollemus</strong></span> <span class='ocrx_word' id='word_1_78' title='bbox 993 1226 1036 1290; x_wconf 88' lang='grc' dir='ltr'><strong>Αι</strong></span> <span class='ocrx_word' id='word_1_79' title='bbox 1056 1228 1087 1289; x_wconf 95' lang='lat' dir='ltr'><strong>id</strong></span> <span class='ocrx_word' id='word_1_80' title='bbox 1108 1245 1162 1290; x_wconf 90' lang='lat' dir='ltr'><strong>non</strong></span> <span class='ocrx_word' id='word_1_81' title='bbox 1181 1244 1267 1291; x_wconf 89' lang='lat' dir='ltr'><strong>caece</strong></span> <span class='ocrx_word' id='word_1_82' title='bbox 1287 1235 1317 1292; x_wconf 91' lang='lat' dir='ltr'><strong>et</strong></span> 
     </span>
     <span class='ocr_line' id='line_1_11' title="bbox 146 1323 1316 1404; baseline 0.001 -18"><span class='ocrx_word' id='word_1_83' title='bbox 146 1323 212 1387; x_wconf 84' lang='lat' dir='ltr'><strong>sine</strong></span> <span class='ocrx_word' id='word_1_84' title='bbox 226 1325 347 1399; x_wconf 84' lang='lat' dir='ltr'><strong>motivo,</strong></span> <span class='ocrx_word' id='word_1_85' title='bbox 363 1325 414 1388; x_wconf 91' lang='lat' dir='ltr'><strong>sed</strong></span> <span class='ocrx_word' id='word_1_86' title='bbox 434 1339 471 1388; x_wconf 83' lang='lat' dir='ltr'><strong>er</strong></span> <span class='ocrx_word' id='word_1_87' title='bbox 491 1325 598 1387; x_wconf 92' lang='lat' dir='ltr'><strong>obiecti</strong></span> <span class='ocrx_word' id='word_1_88' title='bbox 613 1324 829 1404; x_wconf 77' lang='lat' dir='ltr'><strong>perspicientia,</strong></span> <span class='ocrx_word' id='word_1_89' title='bbox 843 1325 908 1387; x_wconf 91' lang='lat' dir='ltr'><strong>sive</strong></span> <span class='ocrx_word' id='word_1_90' title='bbox 921 1325 1100 1399; x_wconf 87' lang='lat' dir='ltr'><strong>immediata,</strong></span> <span class='ocrx_word' id='word_1_91' title='bbox 1116 1333 1148 1386; x_wconf 89' lang='lat' dir='ltr'><strong>ut</strong></span> <span class='ocrx_word' id='word_1_92' title='bbox 1166 1326 1196 1387; x_wconf 92' lang='lat' dir='ltr'><strong>in</strong></span> <span class='ocrx_word' id='word_1_93' title='bbox 1213 1326 1316 1403; x_wconf 88' lang='lat' dir='ltr'><strong>primis</strong></span> 
     </span>
     <span class='ocr_line' id='line_1_12' title="bbox 148 1412 1316 1501; baseline 0.002 -17"><span class='ocrx_word' id='word_1_94' title='bbox 148 1421 313 1501; x_wconf 87' lang='lat' dir='ltr'><strong>principiis,</strong></span> <span class='ocrx_word' id='word_1_95' title='bbox 328 1423 389 1484; x_wconf 90' lang='lat' dir='ltr'><strong>sive</strong></span> <span class='ocrx_word' id='word_1_96' title='bbox 402 1412 585 1496; x_wconf 72' lang='lat' dir='ltr'><strong>mediatam</strong></span> <span class='ocrx_word' id='word_1_97' title='bbox 599 1422 628 1483; x_wconf 93' lang='lat' dir='ltr'><strong>in</strong></span> <span class='ocrx_word' id='word_1_98' title='bbox 643 1436 744 1485; x_wconf 88' lang='lat' dir='ltr'><strong>eorum</strong></span> <span class='ocrx_word' id='word_1_99' title='bbox 758 1421 991 1484; x_wconf 87' lang='lat' dir='ltr'><strong>deductionibus.</strong></span> <span class='ocrx_word' id='word_1_100' title='bbox 1003 1421 1200 1487; x_wconf 88' lang='lat' dir='ltr'><strong>Deductioncs</strong></span> <span class='ocrx_word' id='word_1_101' title='bbox 1216 1431 1316 1486; x_wconf 90' lang='lat' dir='ltr'><strong>autem</strong></span> 
     </span>
     <span class='ocr_line' id='line_1_13' title="bbox 146 1520 1318 1599; baseline 0.001 -15"><span class='ocrx_word' id='word_1_102' title='bbox 146 1520 304 1594; x_wconf 88' lang='lat' dir='ltr'><strong>eiusmodi,</strong></span> <span class='ocrx_word' id='word_1_103' title='bbox 324 1537 400 1599; x_wconf 88' lang='lat' dir='ltr'><strong>quac</strong></span> <span class='ocrx_word' id='word_1_104' title='bbox 421 1537 438 1583; x_wconf 89' lang='lat' dir='ltr'><strong>a</strong></span> <span class='ocrx_word' id='word_1_105' title='bbox 458 1521 582 1584; x_wconf 87' lang='lat' dir='ltr'><strong>rudibus</strong></span> <span class='ocrx_word' id='word_1_106' title='bbox 595 1523 684 1583; x_wconf 89' lang='lat' dir='ltr'><strong>etiam</strong></span> <span class='ocrx_word' id='word_1_107' title='bbox 699 1522 783 1594; x_wconf 86' lang='lat' dir='ltr'><strong>finnt,</strong></span> <span class='ocrx_word' id='word_1_108' title='bbox 804 1521 884 1582; x_wconf 89' lang='lat' dir='ltr'><strong>hand</strong></span> <span class='ocrx_word' id='word_1_109' title='bbox 906 1528 1055 1598; x_wconf 82' lang='lat' dir='ltr'><strong>tantopere</strong></span> <span class='ocrx_word' id='word_1_110' title='bbox 1069 1523 1221 1585; x_wconf 87' lang='lat' dir='ltr'><strong>abstrusae</strong></span> <span class='ocrx_word' id='word_1_111' title='bbox 1238 1530 1318 1597; x_wconf 88' lang='lat' dir='ltr'><strong>sunt,</strong></span> 
     </span>
     <span class='ocr_line' id='line_1_14' title="bbox 148 1615 1317 1698; baseline 0.002 -18"><span class='ocrx_word' id='word_1_112' title='bbox 148 1617 398 1698; x_wconf 84' lang='lat' dir='ltr'><strong>quemadmodum</strong></span> <span class='ocrx_word' id='word_1_113' title='bbox 419 1619 583 1682; x_wconf 87' lang='lat' dir='ltr'><strong>adversarii</strong></span> <span class='ocrx_word' id='word_1_114' title='bbox 596 1626 783 1696; x_wconf 84' lang='lat' dir='ltr'><strong>exaggerant.</strong></span> <span class='ocrx_word' id='word_1_115' title='bbox 799 1615 974 1697; x_wconf 84' lang='lat' dir='ltr'><strong>Plerumque</strong></span> <span class='ocrx_word' id='word_1_116' title='bbox 988 1619 1065 1681; x_wconf 91' lang='lat' dir='ltr'><strong>enim</strong></span> <span class='ocrx_word' id='word_1_117' title='bbox 1084 1637 1101 1681; x_wconf 91' lang='lat' dir='ltr'><strong>a</strong></span> <span class='ocrx_word' id='word_1_118' title='bbox 1116 1619 1221 1698; x_wconf 88' lang='lat' dir='ltr'><strong>primis</strong></span> <span class='ocrx_word' id='word_1_119' title='bbox 1236 1621 1317 1698; x_wconf 89' lang='lat' dir='ltr'><strong>prin·</strong></span> 
     </span>
     <span class='ocr_line' id='line_1_15' title="bbox 146 1715 1315 1796; baseline 0.001 -16"><span class='ocrx_word' id='word_1_120' title='bbox 146 1716 236 1796; x_wconf 84' lang='lat' dir='ltr'><strong>eipiis</strong></span> <span class='ocrx_word' id='word_1_121' title='bbox 251 1731 302 1794; x_wconf 92' lang='lat' dir='ltr'><strong>per</strong></span> <span class='ocrx_word' id='word_1_122' title='bbox 315 1731 346 1778; x_wconf 90' lang='lat' dir='ltr'><strong>se</strong></span> <span class='ocrx_word' id='word_1_123' title='bbox 361 1715 436 1779; x_wconf 89' lang='lat' dir='ltr'><strong>notis</strong></span> <span class='ocrx_word' id='word_1_124' title='bbox 458 1725 517 1779; x_wconf 79' lang='lat' dir='ltr'><strong>mm</strong></span> <span class='ocrx_word' id='word_1_125' title='bbox 533 1731 637 1794; x_wconf 87' lang='lat' dir='ltr'><strong>parum</strong></span> <span class='ocrx_word' id='word_1_126' title='bbox 654 1715 775 1789; x_wconf 81' lang='lat' dir='ltr'><strong>distant,</strong></span> <span class='ocrx_word' id='word_1_127' title='bbox 789 1723 821 1778; x_wconf 89' lang='lat' dir='ltr'><strong>ut</strong></span> <span class='ocrx_word' id='word_1_128' title='bbox 842 1731 878 1779; x_wconf 84' lang='lat' dir='ltr'><strong>ex</strong></span> <span class='ocrx_word' id='word_1_129' title='bbox 898 1717 957 1778; x_wconf 89' lang='lat' dir='ltr'><strong>illis</strong></span> <span class='ocrx_word' id='word_1_130' title='bbox 977 1717 1116 1779; x_wconf 81' lang='lat' dir='ltr'><strong>facillime</strong></span> <span class='ocrx_word' id='word_1_131' title='bbox 1137 1717 1315 1783; x_wconf 86' lang='lat' dir='ltr'><strong>deriventur.</strong></span> 
     </span>
     <span class='ocr_line' id='line_1_16' title="bbox 146 1813 1315 1892; baseline 0.003 -18"><span class='ocrx_word' id='word_1_132' title='bbox 146 1813 196 1875; x_wconf 88' lang='lat' dir='ltr'><strong>Ac</strong></span> <span class='ocrx_word' id='word_1_133' title='bbox 217 1817 241 1875; x_wconf 89' lang='lat' dir='ltr'><strong>si</strong></span> <span class='ocrx_word' id='word_1_134' title='bbox 265 1814 381 1891; x_wconf 90' lang='lat' dir='ltr'><strong>quando</strong></span> <span class='ocrx_word' id='word_1_135' title='bbox 402 1829 522 1892; x_wconf 88' lang='lat' dir='ltr'><strong>gravem</strong></span> <span class='ocrx_word' id='word_1_136' title='bbox 543 1813 747 1876; x_wconf 87' lang='lat' dir='ltr'><strong>difficultatem</strong></span> <span class='ocrx_word' id='word_1_137' title='bbox 769 1813 931 1888; x_wconf 88' lang='lat' dir='ltr'><strong>includunt,</strong></span> <span class='ocrx_word' id='word_1_138' title='bbox 951 1815 1026 1877; x_wconf 89' lang='lat' dir='ltr'><strong>haec</strong></span> <span class='ocrx_word' id='word_1_139' title='bbox 1046 1816 1085 1877; x_wconf 88' lang='lat' dir='ltr'><strong>ab</strong></span> <span class='ocrx_word' id='word_1_140' title='bbox 1104 1815 1240 1892; x_wconf 91' lang='lat' dir='ltr'><strong>imperito</strong></span> <span class='ocrx_word' id='word_1_141' title='bbox 1262 1816 1315 1877; x_wconf 90' lang='lat' dir='ltr'><strong>ho·</strong></span> 
     </span>
     <span class='ocr_line' id='line_1_17' title="bbox 148 1910 1313 1989; baseline -0.002 -15"><span class='ocrx_word' id='word_1_142' title='bbox 148 1912 227 1975; x_wconf 88' lang='lat' dir='ltr'><strong>mine</strong></span> <span class='ocrx_word' id='word_1_143' title='bbox 248 1919 403 1988; x_wconf 86' lang='lat' dir='ltr'><strong>superatur</strong></span> <span class='ocrx_word' id='word_1_144' title='bbox 424 1911 469 1973; x_wconf 88' lang='lat' dir='ltr'><strong>vel</strong></span> <span class='ocrx_word' id='word_1_145' title='bbox 490 1926 543 1989; x_wconf 92' lang='lat' dir='ltr'><strong>ope</strong></span> <span class='ocrx_word' id='word_1_146' title='bbox 564 1911 697 1974; x_wconf 89' lang='lat' dir='ltr'><strong>culturae</strong></span> <span class='ocrx_word' id='word_1_147' title='bbox 723 1910 876 1989; x_wconf 80' lang='lat' dir='ltr'><strong>religiosae</strong></span> <span class='ocrx_word' id='word_1_148' title='bbox 903 1927 978 1989; x_wconf 90' lang='lat' dir='ltr'><strong>quae</strong></span> <span class='ocrx_word' id='word_1_149' title='bbox 999 1912 1139 1974; x_wconf 89' lang='lat' dir='ltr'><strong>scientiae</strong></span> <span class='ocrx_word' id='word_1_150' title='bbox 1168 1911 1313 1973; x_wconf 88' lang='lat' dir='ltr'><strong>delectum</strong></span> 
     </span>
     <span class='ocr_line' id='line_1_18' title="bbox 147 2007 1315 2087; baseline -0.001 -17"><span class='ocrx_word' id='word_1_151' title='bbox 147 2009 295 2087; x_wconf 81' lang='lat' dir='ltr'><strong>suppleat,</strong></span> <span class='ocrx_word' id='word_1_152' title='bbox 316 2007 362 2071; x_wconf 89' lang='lat' dir='ltr'><strong>vei</strong></span> <span class='ocrx_word' id='word_1_153' title='bbox 382 2024 437 2086; x_wconf 91' lang='lat' dir='ltr'><strong>ope</strong></span> <span class='ocrx_word' id='word_1_154' title='bbox 457 2008 576 2070; x_wconf 85' lang='lat' dir='ltr'><strong>habitus</strong></span> <span class='ocrx_word' id='word_1_155' title='bbox 598 2009 669 2070; x_wconf 88' lang='lat' dir='ltr'><strong>bene</strong></span> <span class='ocrx_word' id='word_1_156' title='bbox 690 2009 830 2086; x_wconf 90' lang='lat' dir='ltr'><strong>operandi</strong></span> <span class='ocrx_word' id='word_1_157' title='bbox 859 2018 910 2070; x_wconf 88' lang='lat' dir='ltr'><strong>ant</strong></span> <span class='ocrx_word' id='word_1_158' title='bbox 931 2009 961 2069; x_wconf 90' lang='lat' dir='ltr'><strong>vi</strong></span> <span class='ocrx_word' id='word_1_159' title='bbox 982 2007 1139 2071; x_wconf 87' lang='lat' dir='ltr'><strong>axiomatis</strong></span> <span class='ocrx_word' id='word_1_160' title='bbox 1161 2008 1315 2070; x_wconf 86' lang='lat' dir='ltr'><strong>cniusdam</strong></span> 
     </span>
     <span class='ocr_line' id='line_1_19' title="bbox 145 2105 1313 2184; baseline 0 -15"><span class='ocrx_word' id='word_1_161' title='bbox 145 2107 303 2184; x_wconf 87' lang='lat' dir='ltr'><strong>generalis,</strong></span> <span class='ocrx_word' id='word_1_162' title='bbox 316 2107 395 2184; x_wconf 90' lang='lat' dir='ltr'><strong>quod</strong></span> <span class='ocrx_word' id='word_1_163' title='bbox 415 2105 476 2168; x_wconf 90' lang='lat' dir='ltr'><strong>sine</strong></span> <span class='ocrx_word' id='word_1_164' title='bbox 496 2106 654 2169; x_wconf 88' lang='lat' dir='ltr'><strong>interiectis</strong></span> <span class='ocrx_word' id='word_1_165' title='bbox 676 2106 779 2168; x_wconf 89' lang='lat' dir='ltr'><strong>mediis</strong></span> <span class='ocrx_word' id='word_1_166' title='bbox 800 2107 879 2168; x_wconf 89' lang='lat' dir='ltr'><strong>actui</strong></span> <span class='ocrx_word' id='word_1_167' title='bbox 898 2105 1118 2169; x_wconf 90' lang='lat' dir='ltr'><strong>determinando</strong></span> <span class='ocrx_word' id='word_1_168' title='bbox 1137 2106 1313 2184; x_wconf 88' lang='lat' dir='ltr'><strong>applicetur,</strong></span> 
     </span>
     <span class='ocr_line' id='line_1_20' title="bbox 146 2200 1317 2282; baseline 0.001 -17"><span class='ocrx_word' id='word_1_169' title='bbox 146 2204 195 2266; x_wconf 84' lang='lat' dir='ltr'><strong>vel</strong></span> <span class='ocrx_word' id='word_1_170' title='bbox 217 2204 281 2266; x_wconf 91' lang='lat' dir='ltr'><strong>aliis</strong></span> <span class='ocrx_word' id='word_1_171' title='bbox 296 2204 395 2266; x_wconf 88' lang='lat' dir='ltr'><strong>causis</strong></span> <span class='ocrx_word' id='word_1_172' title='bbox 409 2218 485 2282; x_wconf 89' lang='lat' dir='ltr'><strong>qnae</strong></span> <span class='ocrx_word' id='word_1_173' title='bbox 502 2204 684 2281; x_wconf 90' lang='lat' dir='ltr'><strong>prudentiam</strong></span> <span class='ocrx_word' id='word_1_174' title='bbox 706 2205 869 2266; x_wconf 86' lang='lat' dir='ltr'><strong>naturalem</strong></span> <span class='ocrx_word' id='word_1_175' title='bbox 887 2203 1016 2266; x_wconf 88' lang='lat' dir='ltr'><strong>huminis</strong></span> <span class='ocrx_word' id='word_1_176' title='bbox 1037 2204 1137 2266; x_wconf 90' lang='lat' dir='ltr'><strong>iuvare</strong></span> <span class='ocrx_word' id='word_1_177' title='bbox 1158 2204 1259 2266; x_wconf 90' lang='lat' dir='ltr'><strong>solent.</strong></span> <span class='ocrx_word' id='word_1_178' title='bbox 1275 2200 1317 2266; x_wconf 89' lang='lat' dir='ltr'><strong>Ut</strong></span> 
     </span>
     <span class='ocr_line' id='line_1_21' title="bbox 146 2299 1315 2381; baseline -0.002 -17"><span class='ocrx_word' id='word_1_179' title='bbox 146 2301 223 2364; x_wconf 91' lang='lat' dir='ltr'><strong>nihil</strong></span> <span class='ocrx_word' id='word_1_180' title='bbox 243 2303 338 2364; x_wconf 90' lang='lat' dir='ltr'><strong>dicam</strong></span> <span class='ocrx_word' id='word_1_181' title='bbox 355 2301 390 2365; x_wconf 89' lang='lat' dir='ltr'><strong>de</strong></span> <span class='ocrx_word' id='word_1_182' title='bbox 405 2302 560 2364; x_wconf 88' lang='lat' dir='ltr'><strong>traditione</strong></span> <span class='ocrx_word' id='word_1_183' title='bbox 575 2301 740 2381; x_wconf 88' lang='lat' dir='ltr'><strong>primitira;</strong></span> <span class='ocrx_word' id='word_1_184' title='bbox 762 2316 847 2380; x_wconf 89' lang='lat' dir='ltr'><strong>qnae,</strong></span> <span class='ocrx_word' id='word_1_185' title='bbox 862 2318 879 2363; x_wconf 90' lang='lat' dir='ltr'><strong>a</strong></span> <span class='ocrx_word' id='word_1_186' title='bbox 894 2299 956 2364; x_wconf 88' lang='lat' dir='ltr'><strong>Deo</strong></span> <span class='ocrx_word' id='word_1_187' title='bbox 976 2301 1120 2380; x_wconf 90' lang='lat' dir='ltr'><strong>originem</strong></span> <span class='ocrx_word' id='word_1_188' title='bbox 1138 2302 1256 2375; x_wconf 86' lang='lat' dir='ltr'><strong>docens,</strong></span> <span class='ocrx_word' id='word_1_189' title='bbox 1271 2302 1315 2363; x_wconf 89' lang='lat' dir='ltr'><strong>vi·</strong></span> 
     </span>
     <span class='ocr_line' id='line_1_22' title="bbox 147 2398 1313 2478; baseline 0 -18"><span class='ocrx_word' id='word_1_190' title='bbox 147 2407 212 2460; x_wconf 87' lang='lat' dir='ltr'><strong>tam</strong></span> <span class='ocrx_word' id='word_1_191' title='bbox 232 2399 371 2461; x_wconf 90' lang='lat' dir='ltr'><strong>moralem</strong></span> <span class='ocrx_word' id='word_1_192' title='bbox 385 2400 578 2462; x_wconf 87' lang='lat' dir='ltr'><strong>humanitatis</strong></span> <span class='ocrx_word' id='word_1_193' title='bbox 592 2398 771 2472; x_wconf 83' lang='lat' dir='ltr'><strong>informavit,</strong></span> <span class='ocrx_word' id='word_1_194' title='bbox 785 2407 815 2462; x_wconf 89' lang='lat' dir='ltr'><strong>et</strong></span> <span class='ocrx_word' id='word_1_195' title='bbox 829 2400 913 2462; x_wconf 89' lang='lat' dir='ltr'><strong>cuius</strong></span> <span class='ocrx_word' id='word_1_196' title='bbox 927 2399 1051 2478; x_wconf 86' lang='lat' dir='ltr'><strong>vestigia</strong></span> <span class='ocrx_word' id='word_1_197' title='bbox 1069 2399 1214 2477; x_wconf 87' lang='lat' dir='ltr'><strong>quaedam</strong></span> <span class='ocrx_word' id='word_1_198' title='bbox 1235 2400 1313 2476; x_wconf 89' lang='lat' dir='ltr'><strong>apud</strong></span> 
     </span>
     <span class='ocr_line' id='line_1_23' title="bbox 148 2495 1135 2578; baseline 0.001 -21"><span class='ocrx_word' id='word_1_199' title='bbox 148 2495 260 2558; x_wconf 88' lang='lat' dir='ltr'><strong>nnllam</strong></span> <span class='ocrx_word' id='word_1_200' title='bbox 282 2506 407 2576; x_wconf 87' lang='lat' dir='ltr'><strong>gentem,</strong></span> <span class='ocrx_word' id='word_1_201' title='bbox 429 2506 588 2578; x_wconf 90' lang='lat' dir='ltr'><strong>utcumque</strong></span> <span class='ocrx_word' id='word_1_202' title='bbox 609 2498 775 2570; x_wconf 84' lang='lat' dir='ltr'><strong>barbaram,</strong></span> <span class='ocrx_word' id='word_1_203' title='bbox 797 2495 947 2559; x_wconf 87' lang='lat' dir='ltr'><strong>obliterari</strong></span> <span class='ocrx_word' id='word_1_204' title='bbox 968 2504 1135 2576; x_wconf 87' lang='lat' dir='ltr'><strong>potnerunt.</strong></span> 
     </span>
    </p>

    <p class='ocr_par' dir='ltr' id='par_1_5' title="bbox 141 2585 1316 2956">
     <span class='ocr_line' id='line_1_24' title="bbox 194 2585 1316 2674; baseline -0.002 -16"><span class='ocrx_word' id='word_1_205' title='bbox 194 2591 285 2658; x_wconf 72' lang='lat' dir='ltr'><strong>ottae.</strong></span> <span class='ocrx_word' id='word_1_206' title='bbox 308 2585 358 2659; x_wconf 86' lang='lat' dir='ltr'><strong>ill.</strong></span> <span class='ocrx_word' id='word_1_207' title='bbox 381 2587 632 2672; x_wconf 87' lang='lat' dir='ltr'><strong>Saltem&#39;agnosci</strong></span> <span class='ocrx_word' id='word_1_208' title='bbox 652 2594 740 2656; x_wconf 89' lang='lat' dir='ltr'><strong>debet</strong></span> <span class='ocrx_word' id='word_1_209' title='bbox 761 2594 848 2656; x_wconf 90' lang='lat' dir='ltr'><strong>realis</strong></span> <span class='ocrx_word' id='word_1_210' title='bbox 869 2593 1017 2656; x_wconf 90' lang='lat' dir='ltr'><strong>distinctio</strong></span> <span class='ocrx_word' id='word_1_211' title='bbox 1037 2595 1114 2656; x_wconf 90' lang='lat' dir='ltr'><strong>inter</strong></span> <span class='ocrx_word' id='word_1_212' title='bbox 1133 2593 1316 2674; x_wconf 80' lang='lat' dir='ltr'><strong>facultatem,</strong></span> 
     </span>
     <span class='ocr_line' id='line_1_25' title="bbox 141 2691 1313 2775; baseline -0.003 -19"><span class='ocrx_word' id='word_1_213' title='bbox 141 2711 223 2775; x_wconf 89' lang='lat' dir='ltr'><strong>quac</strong></span> <span class='ocrx_word' id='word_1_214' title='bbox 244 2695 353 2772; x_wconf 85' lang='lat' dir='ltr'><strong>profert</strong></span> <span class='ocrx_word' id='word_1_215' title='bbox 373 2693 482 2755; x_wconf 87' lang='lat' dir='ltr'><strong>indicia</strong></span> <span class='ocrx_word' id='word_1_216' title='bbox 502 2693 642 2772; x_wconf 89' lang='lat' dir='ltr'><strong>practica,</strong></span> <span class='ocrx_word' id='word_1_217' title='bbox 663 2700 693 2755; x_wconf 90' lang='lat' dir='ltr'><strong>et</strong></span> <span class='ocrx_word' id='word_1_218' title='bbox 715 2692 895 2766; x_wconf 81' lang='lat' dir='ltr'><strong>facultatem,</strong></span> <span class='ocrx_word' id='word_1_219' title='bbox 909 2708 984 2771; x_wconf 90' lang='lat' dir='ltr'><strong>quae</strong></span> <span class='ocrx_word' id='word_1_220' title='bbox 999 2693 1108 2769; x_wconf 81' lang='lat' dir='ltr'><strong>profert</strong></span> <span class='ocrx_word' id='word_1_221' title='bbox 1122 2691 1231 2754; x_wconf 87' lang='lat' dir='ltr'><strong>indicia</strong></span> <span class='ocrx_word' id='word_1_222' title='bbox 1247 2707 1313 2770; x_wconf 86' lang='lat' dir='ltr'><strong>spe·</strong></span> 
     </span>
     <span class='ocr_line' id='line_1_26' title="bbox 143 2789 1316 2869; baseline -0.006 -11"><span class='ocrx_word' id='word_1_223' title='bbox 143 2793 285 2858; x_wconf 87' lang='lat' dir='ltr'><strong>culatira.</strong></span> <span class='ocrx_word' id='word_1_224' title='bbox 301 2790 377 2855; x_wconf 90' lang='lat' dir='ltr'><strong>Nam</strong></span> <span class='ocrx_word' id='word_1_225' title='bbox 393 2791 443 2853; x_wconf 88' lang='lat' dir='ltr'><strong>illa</strong></span> <span class='ocrx_word' id='word_1_226' title='bbox 458 2792 578 2869; x_wconf 87' lang='lat' dir='ltr'><strong>respicit</strong></span> <span class='ocrx_word' id='word_1_227' title='bbox 593 2791 709 2864; x_wconf 88' lang='lat' dir='ltr'><strong>bonum,</strong></span> <span class='ocrx_word' id='word_1_228' title='bbox 724 2791 797 2852; x_wconf 88' lang='lat' dir='ltr'><strong>haec</strong></span> <span class='ocrx_word' id='word_1_229' title='bbox 825 2805 943 2863; x_wconf 88' lang='lat' dir='ltr'><strong>verum;</strong></span> <span class='ocrx_word' id='word_1_230' title='bbox 963 2805 1039 2868; x_wconf 90' lang='lat' dir='ltr'><strong>qnae</strong></span> <span class='ocrx_word' id='word_1_231' title='bbox 1060 2796 1128 2852; x_wconf 90' lang='lat' dir='ltr'><strong>sunt</strong></span> <span class='ocrx_word' id='word_1_232' title='bbox 1143 2791 1270 2853; x_wconf 88' lang='lat' dir='ltr'><strong>rationes</strong></span> <span class='ocrx_word' id='word_1_233' title='bbox 1285 2789 1316 2851; x_wconf 89' lang='lat' dir='ltr'><strong>in</strong></span> 
     </span>
     <span class='ocr_line' id='line_1_27' title="bbox 145 2891 427 2956; baseline -0.018 0"><span class='ocrx_word' id='word_1_234' title='bbox 145 2893 266 2956; x_wconf 87' lang='lat' dir='ltr'><strong>obiecto</strong></span> <span class='ocrx_word' id='word_1_235' title='bbox 287 2891 427 2953; x_wconf 90' lang='lat' dir='ltr'><strong>diversae.</strong></span> 
     </span>
    </p>

    <p class='ocr_par' dir='ltr' id='par_1_6' title="bbox 141 2983 1319 3752">
     <span class='ocr_line' id='line_1_28' title="bbox 191 2983 1315 3053; baseline -0.006 -1"><span class='ocrx_word' id='word_1_236' title='bbox 191 2988 227 3053; x_wconf 90' lang='lat' dir='ltr'><strong>R.</strong></span> <span class='ocrx_word' id='word_1_237' title='bbox 248 2985 329 3050; x_wconf 88' lang='lat' dir='ltr'><strong>Haec</strong></span> <span class='ocrx_word' id='word_1_238' title='bbox 351 2987 510 3049; x_wconf 89' lang='lat' dir='ltr'><strong>difficultas</strong></span> <span class='ocrx_word' id='word_1_239' title='bbox 531 2987 574 3049; x_wconf 88' lang='lat' dir='ltr'><strong>sic</strong></span> <span class='ocrx_word' id='word_1_240' title='bbox 596 2984 751 3049; x_wconf 90' lang='lat' dir='ltr'><strong>resolvitur</strong></span> <span class='ocrx_word' id='word_1_241' title='bbox 772 3001 790 3047; x_wconf 88' lang='lat' dir='ltr'><strong>a</strong></span> <span class='ocrx_word' id='word_1_242' title='bbox 812 2984 841 3050; x_wconf 87' lang='lat' dir='ltr'><strong>S.</strong></span> <span class='ocrx_word' id='word_1_243' title='bbox 856 2983 988 3048; x_wconf 84' lang='lat' dir='ltr'><strong>Thema:</strong></span> <span class='ocrx_word' id='word_1_244' title='bbox 1004 3007 1022 3044; x_wconf 73' lang='lat' dir='ltr'><strong>e</strong></span> <span class='ocrx_word' id='word_1_245' title='bbox 1038 2983 1147 3050; x_wconf 88' lang='lat' dir='ltr'><strong>Vernm</strong></span> <span class='ocrx_word' id='word_1_246' title='bbox 1161 2994 1191 3047; x_wconf 90' lang='lat' dir='ltr'><strong>et</strong></span> <span class='ocrx_word' id='word_1_247' title='bbox 1205 2986 1315 3048; x_wconf 87' lang='lat' dir='ltr'><strong>bonnm</strong></span> 
     </span>
     <span class='ocr_line' id='line_1_29' title="bbox 143 3082 1314 3160; baseline -0.004 -10"><span class='ocrx_word' id='word_1_248' title='bbox 143 3103 183 3150; x_wconf 88' lang='lat' dir='ltr'><strong>se</strong></span> <span class='ocrx_word' id='word_1_249' title='bbox 198 3087 322 3152; x_wconf 86' lang='lat' dir='ltr'><strong>invicem</strong></span> <span class='ocrx_word' id='word_1_250' title='bbox 336 3085 495 3148; x_wconf 91' lang='lat' dir='ltr'><strong>includunt.</strong></span> <span class='ocrx_word' id='word_1_251' title='bbox 517 3082 592 3146; x_wconf 88' lang='lat' dir='ltr'><strong>Nam</strong></span> <span class='ocrx_word' id='word_1_252' title='bbox 615 3099 717 3146; x_wconf 86' lang='lat' dir='ltr'><strong>verum</strong></span> <span class='ocrx_word' id='word_1_253' title='bbox 742 3092 787 3147; x_wconf 90' lang='lat' dir='ltr'><strong>est</strong></span> <span class='ocrx_word' id='word_1_254' title='bbox 801 3084 949 3160; x_wconf 88' lang='lat' dir='ltr'><strong>quoddam</strong></span> <span class='ocrx_word' id='word_1_255' title='bbox 963 3085 1082 3158; x_wconf 89' lang='lat' dir='ltr'><strong>bonum,</strong></span> <span class='ocrx_word' id='word_1_256' title='bbox 1096 3090 1126 3146; x_wconf 89' lang='lat' dir='ltr'><strong>et</strong></span> <span class='ocrx_word' id='word_1_257' title='bbox 1142 3085 1248 3146; x_wconf 88' lang='lat' dir='ltr'><strong>bonum</strong></span> <span class='ocrx_word' id='word_1_258' title='bbox 1270 3089 1314 3145; x_wconf 90' lang='lat' dir='ltr'><strong>est</strong></span> 
     </span>
     <span class='ocr_line' id='line_1_30' title="bbox 141 3178 1315 3266; baseline -0.004 -20"><span class='ocrx_word' id='word_1_259' title='bbox 141 3183 298 3266; x_wconf 90' lang='lat' dir='ltr'><strong>quoddam</strong></span> <span class='ocrx_word' id='word_1_260' title='bbox 319 3197 431 3261; x_wconf 89' lang='lat' dir='ltr'><strong>verum,</strong></span> <span class='ocrx_word' id='word_1_261' title='bbox 452 3182 581 3260; x_wconf 88' lang='lat' dir='ltr'><strong>alioquin</strong></span> <span class='ocrx_word' id='word_1_262' title='bbox 594 3197 650 3244; x_wconf 91' lang='lat' dir='ltr'><strong>non</strong></span> <span class='ocrx_word' id='word_1_263' title='bbox 660 3188 739 3244; x_wconf 89' lang='lat' dir='ltr'><strong>esset</strong></span> <span class='ocrx_word' id='word_1_264' title='bbox 753 3180 944 3260; x_wconf 87' lang='lat' dir='ltr'><strong>intelligibile.</strong></span> <span class='ocrx_word' id='word_1_265' title='bbox 961 3178 1044 3244; x_wconf 89' lang='lat' dir='ltr'><strong>Sicut</strong></span> <span class='ocrx_word' id='word_1_266' title='bbox 1057 3183 1150 3260; x_wconf 86' lang='lat' dir='ltr'><strong>igitur</strong></span> <span class='ocrx_word' id='word_1_267' title='bbox 1164 3180 1315 3243; x_wconf 90' lang='lat' dir='ltr'><strong>obiectum</strong></span> 
     </span>
     <span class='ocr_line' id='line_1_31' title="bbox 142 3278 1313 3362; baseline -0.007 -17"><span class='ocrx_word' id='word_1_268' title='bbox 142 3282 297 3362; x_wconf 89' lang='lat' dir='ltr'><strong>appetitus</strong></span> <span class='ocrx_word' id='word_1_269' title='bbox 319 3288 499 3360; x_wconf 86' lang='lat' dir='ltr'><strong>potestesse</strong></span> <span class='ocrx_word' id='word_1_270' title='bbox 520 3293 631 3352; x_wconf 89' lang='lat' dir='ltr'><strong>verum,</strong></span> <span class='ocrx_word' id='word_1_271' title='bbox 650 3279 680 3340; x_wconf 89' lang='lat' dir='ltr'><strong>in</strong></span> <span class='ocrx_word' id='word_1_272' title='bbox 701 3286 845 3356; x_wconf 90' lang='lat' dir='ltr'><strong>quantum</strong></span> <span class='ocrx_word' id='word_1_273' title='bbox 867 3279 957 3342; x_wconf 87' lang='lat' dir='ltr'><strong>habel</strong></span> <span class='ocrx_word' id='word_1_274' title='bbox 977 3280 1121 3342; x_wconf 91' lang='lat' dir='ltr'><strong>rationem</strong></span> <span class='ocrx_word' id='word_1_275' title='bbox 1144 3279 1220 3351; x_wconf 87' lang='lat' dir='ltr'><strong>boui,</strong></span> <span class='ocrx_word' id='word_1_276' title='bbox 1236 3278 1313 3338; x_wconf 88' lang='lat' dir='ltr'><strong>sicnt</strong></span> 
     </span>
     <span class='ocr_line' id='line_1_32' title="bbox 142 3374 1311 3458; baseline -0.007 -16"><span class='ocrx_word' id='word_1_277' title='bbox 142 3396 215 3442; x_wconf 89' lang='lat' dir='ltr'><strong>cnm</strong></span> <span class='ocrx_word' id='word_1_278' title='bbox 242 3380 349 3458; x_wconf 87' lang='lat' dir='ltr'><strong>aliquis</strong></span> <span class='ocrx_word' id='word_1_279' title='bbox 375 3378 488 3456; x_wconf 89' lang='lat' dir='ltr'><strong>appetit</strong></span> <span class='ocrx_word' id='word_1_280' title='bbox 513 3377 665 3439; x_wconf 87' lang='lat' dir='ltr'><strong>veritatem</strong></span> <span class='ocrx_word' id='word_1_281' title='bbox 694 3391 883 3454; x_wconf 82' lang='lat' dir='ltr'><strong>cognoscere3</strong></span> <span class='ocrx_word' id='word_1_282' title='bbox 905 3378 946 3455; x_wconf 84' lang='lat' dir='ltr'><strong>ita</strong></span> <span class='ocrx_word' id='word_1_283' title='bbox 974 3377 1122 3439; x_wconf 89' lang='lat' dir='ltr'><strong>obiectum</strong></span> <span class='ocrx_word' id='word_1_284' title='bbox 1144 3374 1311 3437; x_wconf 89' lang='lat' dir='ltr'><strong>intellectus</strong></span> 
     </span>
     <span class='ocr_line' id='line_1_33' title="bbox 145 3470 1313 3556; baseline -0.006 -18"><span class='ocrx_word' id='word_1_285' title='bbox 145 3478 272 3556; x_wconf 89' lang='lat' dir='ltr'><strong>practici</strong></span> <span class='ocrx_word' id='word_1_286' title='bbox 292 3483 337 3541; x_wconf 90' lang='lat' dir='ltr'><strong>est</strong></span> <span class='ocrx_word' id='word_1_287' title='bbox 358 3479 481 3556; x_wconf 82' lang='lat' dir='ltr'><strong>bonum,</strong></span> <span class='ocrx_word' id='word_1_288' title='bbox 497 3474 657 3538; x_wconf 86' lang='lat' dir='ltr'><strong>ordinabile</strong></span> <span class='ocrx_word' id='word_1_289' title='bbox 681 3475 719 3536; x_wconf 87' lang='lat' dir='ltr'><strong>ad</strong></span> <span class='ocrx_word' id='word_1_290' title='bbox 740 3489 825 3552; x_wconf 91' lang='lat' dir='ltr'><strong>opus,</strong></span> <span class='ocrx_word' id='word_1_291' title='bbox 847 3475 903 3535; x_wconf 85' lang='lat' dir='ltr'><strong>suo</strong></span> <span class='ocrx_word' id='word_1_292' title='bbox 924 3473 1037 3537; x_wconf 87' lang='lat' dir='ltr'><strong>ratione</strong></span> <span class='ocrx_word' id='word_1_293' title='bbox 1058 3473 1127 3535; x_wconf 86' lang='lat' dir='ltr'><strong>veri.</strong></span> <span class='ocrx_word' id='word_1_294' title='bbox 1143 3470 1313 3536; x_wconf 87' lang='lat' dir='ltr'><strong>Intellectus</strong></span> 
     </span>
     <span class='ocr_line' id='line_1_34' title="bbox 142 3571 1319 3654; baseline -0.008 -14"><span class='ocrx_word' id='word_1_295' title='bbox 142 3577 229 3640; x_wconf 90' lang='lat' dir='ltr'><strong>enim</strong></span> <span class='ocrx_word' id='word_1_296' title='bbox 244 3578 389 3654; x_wconf 88' lang='lat' dir='ltr'><strong>practicus</strong></span> <span class='ocrx_word' id='word_1_297' title='bbox 404 3576 556 3638; x_wconf 78' lang='lat' dir='ltr'><strong>venialem</strong></span> <span class='ocrx_word' id='word_1_298' title='bbox 572 3576 721 3652; x_wconf 88' lang='lat' dir='ltr'><strong>cognoscit</strong></span> <span class='ocrx_word' id='word_1_299' title='bbox 736 3574 815 3636; x_wconf 89' lang='lat' dir='ltr'><strong>sicut</strong></span> <span class='ocrx_word' id='word_1_300' title='bbox 829 3581 859 3636; x_wconf 87' lang='lat' dir='ltr'><strong>et</strong></span> <span class='ocrx_word' id='word_1_301' title='bbox 872 3573 1080 3652; x_wconf 78' lang='lat' dir='ltr'><strong>speculativas,</strong></span> <span class='ocrx_word' id='word_1_302' title='bbox 1094 3572 1146 3636; x_wconf 90' lang='lat' dir='ltr'><strong>scd</strong></span> <span class='ocrx_word' id='word_1_303' title='bbox 1161 3571 1319 3634; x_wconf 89' lang='lat' dir='ltr'><strong>veritatem</strong></span> 
     </span>
     <span class='ocr_line' id='line_1_35' title="bbox 142 3671 689 3752; baseline -0.018 -13"><span class='ocrx_word' id='word_1_304' title='bbox 142 3673 296 3752; x_wconf 86' lang='lat' dir='ltr'><strong>cognitam</strong></span> <span class='ocrx_word' id='word_1_305' title='bbox 317 3673 431 3737; x_wconf 83' lang='lat' dir='ltr'><strong>ordinat</strong></span> <span class='ocrx_word' id='word_1_306' title='bbox 452 3673 488 3735; x_wconf 90' lang='lat' dir='ltr'><strong>ad</strong></span> <span class='ocrx_word' id='word_1_307' title='bbox 510 3688 585 3751; x_wconf 90' lang='lat' dir='ltr'><strong>opus</strong></span> <span class='ocrx_word' id='word_1_308' title='bbox 602 3671 689 3751; x_wconf 84' lang='grc'>(1).»</span> 
     </span>
    </p>
   </div>
   <div class='ocr_carea' id='block_1_3' title="bbox 197 3923 632 3990">
    <p class='ocr_par' dir='ltr' id='par_1_7' title="bbox 197 3923 632 3990">
     <span class='ocr_line' id='line_1_36' title="bbox 197 3923 632 3990; baseline -0.011 -14"><span class='ocrx_word' id='word_1_309' title='bbox 197 3927 232 3988; x_wconf 85' lang='lat' dir='ltr'><strong>(l)</strong></span> <span class='ocrx_word' id='word_1_310' title='bbox 248 3925 317 3977; x_wconf 90' lang='lat' dir='ltr'><strong>Loco</strong></span> <span class='ocrx_word' id='word_1_311' title='bbox 333 3926 449 3990; x_wconf 84' lang='lat' dir='ltr'><strong>superins</strong></span> <span class='ocrx_word' id='word_1_312' title='bbox 466 3926 543 3974; x_wconf 86' lang='lat' dir='ltr'><strong>citato</strong></span> <span class='ocrx_word' id='word_1_313' title='bbox 561 3925 594 3973; x_wconf 87' lang='lat' dir='ltr'><strong>ad</strong></span> <span class='ocrx_word' id='word_1_314' title='bbox 610 3923 632 3972; x_wconf 81' lang='lat'><strong>2.</strong></span> 
     </span>
    </p>
   </div>
   <div class='ocr_carea' id='block_1_4' title="bbox 0 0 1584 4934">
    <p class='ocr_par' dir='ltr' id='par_1_8' title="bbox 0 0 1584 4934">
     <span class='ocr_line' id='line_1_37' title="bbox 0 0 1584 4934; baseline 0 0"><span class='ocrx_word' id='word_1_315' title='bbox 0 0 1584 4934; x_wconf 95' lang='lat' dir='ltr'><strong> </strong></span> 
     </span>
    </p>
   </div>
  </div>
 </body>
</html>
