3159 4934
414 331 499 375 CAPUT
517 332 550 373 tlt.
565 334 599 375 DE
616 330 707 375 NORMA
726 330 897 375 promitomus
914 333 1042 375 fluutdatt
1263 321 1312 375 111

139 443 237 517 valet;
259 443 351 523 eligat
363 444 441 522 quod
464 445 562 507 minus
583 444 694 507 malum
709 452 841 522 apparet.
863 443 948 518 Quod
967 445 994 507 si
1015 447 1072 509 boc
1092 446 1181 509 etiam
1203 446 1314 509 discer-

137 559 212 607 nere
233 544 339 617 nescit,
360 553 390 606 et
413 544 530 622 operari
552 545 681 623 rugitum
703 559 920 622 quamcumque
946 560 983 607 ex
1011 546 1155 623 oppositis
1179 546 1314 623 partibus

135 641 236 721 eligit,
256 658 313 705 non
334 648 451 719 peccat:
472 643 541 721 quia
562 643 774 705 indifferentiae
795 641 938 705 libertate
950 642 1131 707 destituitur.

184 738 372 805 Conscientia
396 740 507 803 dicitur
530 740 726 820 scrupulosa,
748 756 818 803 cum
843 740 910 818 quis
935 740 973 804 ob
997 739 1073 803 levia
1098 740 1207 804 motiva
1228 747 1314 817 putat

136 839 262 917 eulpam
285 838 327 901 ibi
346 854 420 911 esse,
435 839 486 901 ubi
504 838 591 915 culpa
607 853 662 901 non
678 846 736 911 est;
758 837 919 915 scrupulus
933 838 1010 899 enim
1031 837 1072 900 nil
1085 837 1166 900 aliud
1187 845 1241 912 εει,
1255 838 1313 901 nisi
1422 899 1425 904 ,

137 936 241 999 inanis
260 936 405 1015 quaedum
427 936 621 1014 apprehensio
642 936 757 1013 culpae,
777 952 854 1015 quae
874 936 1006 997 animum
1029 944 1127 1015 angat.

190 1030 252 1095 113.
262 1032 305 1099 llo
316 1029 509 1099 conscientia
523 1028 682 1117 probabili.
690 1030 832 1111 Denique,
843 1034 1021 1095 conscicntia
1031 1030 1202 1112 probabitis
1213 1035 1315 1112 appel·

141 1130 253 1193 latura
268 1128 448 1194 Ductoribus
462 1147 508 1204 ea,
522 1147 580 1209 qua
596 1130 663 1209 quis
680 1145 748 1193 vere
761 1128 908 1208 probabili
924 1130 1037 1193 ratione
1051 1131 1170 1192 innixus
1183 1146 1220 1193 ex
1233 1140 1314 1196 certo

139 1227 243 1306 aliquo
263 1227 407 1305 principio
428 1230 535 1291 rellexo
557 1236 671 1291 certum
697 1227 754 1289 sibi
776 1225 924 1290 dictamen
945 1228 1082 1291 edormat
1102 1229 1139 1291 dc
1159 1228 1314 1291 honestate

138 1324 268 1388 actionis
290 1324 341 1404 (l).
364 1324 460 1399 Quare
482 1327 555 1389 baec
576 1326 753 1389 conscientia
780 1326 980 1403 maximopere
1004 1325 1140 1388 differta
1163 1327 1264 1400 dubia,
1284 1334 1314 1390 et

138 1423 241 1487 minus
264 1432 332 1500 apte
348 1434 472 1487 vocatur
493 1423 662 1501 probabilis
684 1439 751 1486 cum
776 1423 873 1501 potius
894 1433 974 1485 certa
996 1423 1119 1486 dicenda
1143 1425 1202 1497 sit,
1220 1412 1328 1503 siqui?

138 1522 208 1583 dem
231 1521 388 1599 dictamen,
408 1537 467 1599 quo
491 1528 617 1593 cunstat,
638 1514 756 1583 eertum'
777 1528 824 1583 est
845 1520 874 1583 vi
899 1522 973 1583 certi
999 1520 1135 1599 principii
1160 1522 1262 1584 rolleni
1284 1524 1313 1584 in

138 1634 201 1697 quo
221 1618 370 1697 tundatur,
392 1619 447 1681 etsi
469 1618 544 1681 ratio
566 1618 677 1681 directa
699 1620 738 1679 sit
760 1624 876 1678 mutum
899 1617 1069 1694 probabilis.

185 1713 234 1779 Sic
255 1716 433 1794 explicatam
449 1715 658 1777 conscientiam
676 1714 858 1792 probabilem
881 1715 964 1793 sequi
984 1715 1062 1788 licet
1082 1715 1227 1794 quidquid
1242 1712 1313 1787 Hei·

137 1813 262 1876 necoius
283 1814 394 1891 aliique
416 1820 517 1875 contra
543 1812 776 1875 obmurmurent.
798 1809 875 1874 Nam
901 1810 1054 1889 perillam
1079 1813 1168 1876 homo
1189 1817 1245 1876 non
1266 1820 1314 1875 est

140 1925 262 1989 anceps,
284 1911 336 1973 sed
357 1918 458 1973 certus
478 1910 515 1973 de
535 1911 688 1973 honestate
708 1910 844 1972 actionis.
859 1908 898 1972 lit
920 1910 996 1973 ratio
1016 1911 1136 1974 evidens
1157 1917 1211 1973 εει.
1234 1909 1311 1975 Nam

136 2010 256 2089 quoties
276 2008 334 2082 lex,
348 2009 494 2071 actionem
516 2006 686 2085 prohibens,
707 2014 787 2070 certa
810 2022 866 2069 non
887 2016 934 2070 εει
955 2007 1008 2070 sed
1028 2008 1201 2085 probabitis,
1222 2009 1311 2087 idque

138 2115 209 2187 post
234 2106 359 2185 diligens
381 2105 424 2169 rei
445 2120 566 2169 examen
590 2105 753 2179 iudicatum
774 2105 835 2175 vim
860 2106 1010 2184 obligandi
1031 2120 1087 2168 non
1113 2108 1212 2169 habet.
1233 2104 1311 2169 Nam

135 2204 340 2283 promulgatio
367 2204 405 2267 ad
432 2204 592 2265 essentiam
621 2202 695 2281 legis
725 2204 860 2283 pertinet,
889 2220 957 2266 cum
988 2204 1104 2265 nonnisi
1135 2220 1187 2282 per
1215 2204 1311 2281 ipsam

136 2303 261 2366 subdito
275 2302 325 2364 lex
341 2301 514 2379 applicetur.
532 2298 734 2379 Promulgatio
749 2308 919 2364 autemnon
940 2302 1076 2375 babetur,
1097 2300 1160 2364 sine
1179 2300 1312 2374 scientia,

137 2417 193 2463 seu
206 2400 270 2463 sine
280 2398 445 2478 cognitione
456 2406 535 2461 certa
548 2404 577 2461 et
590 2398 717 2461 evidenti
732 2399 769 2461 de
783 2399 857 2478 legis
870 2399 1050 2462 exsistentia.
1062 2396 1159 2473 Quare
1169 2399 1313 2476 quamdiu

136 2498 269 2576 cognitio
292 2504 382 2573 certa,
398 2496 460 2558 sine
482 2494 579 2574 culpa,
593 2497 693 2569 abest;
707 2497 834 2560 nondum
855 2497 884 2559 in
906 2505 1044 2573 operante
1064 2498 1145 2575 viget
1164 2496 1221 2570 lex,
1237 2512 1313 2575 quae

138 2594 350 2673 obligationem
365 2594 470 2671 pariat.
486 2592 527 2656 Αι
549 2594 575 2655 si
596 2594 638 2656 ita
658 2602 714 2667 est,
729 2593 810 2658 licite
831 2594 868 2657 ad
889 2596 1070 2673 operandum
1092 2596 1248 2672 procedere
1262 2612 1314 2675 po

138 2701 216 2767 ιεει;
238 2691 321 2754 licita
342 2691 418 2753 enim
447 2698 494 2754 est
518 2692 658 2768 operatio,
678 2707 755 2769 quae
782 2708 800 2753 a
829 2692 908 2755 nulla
936 2691 999 2771 lege
1027 2694 1209 2770 prohibetur.
1231 2691 1313 2758 Haec

74 2852 81 2868 ,
135 2790 226 2865 ratio,
248 2789 272 2851 si
297 2788 370 2851 bene
392 2788 596 2867 perpendatur,
618 2788 747 2861 ostendit
767 2790 856 2851 etiam
878 2791 922 2851 ias
942 2804 1006 2853 esse
1028 2790 1112 2868 sequi
1137 2793 1311 2859 sententiam

135 2889 240 2949 minus
261 2886 441 2963 probabilem
464 2886 493 2949 in
514 2886 652 2948 condictu
674 2886 895 2964 probabilioris3
911 2889 998 2950 modo
1012 2887 1113 2950 solidis
1131 2890 1313 2966 argumentis

136 2984 263 3062 nitatur,
279 2990 308 3045 et
321 2983 399 3045 actio
420 2982 534 3045 nonsit
555 2982 631 3062 talis,
647 2998 722 3061 quae
738 2984 801 3045 sine
822 2985 996 3053 certitudine
1017 2986 1123 3047 obiecti
1146 2986 1226 3048 licita
1248 3002 1313 3050 esse

136 3098 197 3145 non
212 3083 317 3159 possit.
333 3077 428 3143 Maior
441 3081 518 3142 enim
535 3080 730 3160 probabilitas
744 3082 832 3144 unius
850 3084 942 3160 partis
956 3098 1012 3146 non
1031 3082 1158 3145 destruit
1172 3086 1312 3147 minorem

135 3178 377 3259 probabilitatem
399 3177 537 3249 alterius;
559 3193 628 3240 cum
651 3186 766 3240 tantum
789 3180 937 3243 certitudo
961 3180 1019 3243 buc
1039 3181 1096 3243 sibi
1118 3181 1255 3260 vindicet,
1281 3192 1314 3245 nt

135 3276 321 3339 contrarium
336 3274 474 3337 falsitatis
488 3275 617 3349 damnet,
633 3283 722 3354 atque
736 3277 804 3340 ideo
818 3277 1012 3355 improbabile
1027 3278 1140 3354 reddat.
1157 3277 1312 3342 Praeterea

137 3372 344 3452 probabilitas,
361 3379 522 3451 utcumque
537 3373 639 3447 maior,
651 3374 707 3436 uisi
722 3375 759 3435 ad
774 3375 978 3438 certitudinem
995 3384 1144 3454 assurgat,
1159 3378 1312 3439 scientiam

137 3486 198 3533 non
219 3471 384 3545 constituit;
409 3487 443 3534 ac
466 3471 586 3549 proinde
607 3471 701 3550 legem
716 3472 827 3535 nnllam
849 3474 943 3535 adest.
966 3470 1024 3535 Ubi
1046 3482 1144 3535 autem
1166 3473 1214 3536 lex
1228 3474 1310 3536 nulla

137 3575 199 3640 est,
220 3575 318 3632 manet
337 3568 471 3632 libertas.
487 3566 527 3631 Ut
547 3569 621 3632 nibil
642 3570 740 3632 dicam
755 3570 791 3632 de
812 3570 1032 3647 perturbatione
1053 3571 1182 3633 maxima
1203 3577 1233 3633 et
1248 3586 1313 3648 per·
1342 3583 1345 3586 ·

184 3806 222 3867 (l)
239 3806 369 3869 Principia
384 3806 478 3855 reflexa
494 3806 536 3855 illa
553 3807 678 3864 dicuntur,
691 3822 756 3871 quae
772 3823 824 3870 non
842 3815 964 3870 petuntur
980 3824 1013 3857 ex
1030 3808 1137 3865 obiecto,
1148 3808 1193 3857 sed
1209 3824 1240 3857 ex
1256 3811 1314 3859 sub·

130 3888 203 3935 iectu
219 3885 246 3933 in
258 3886 346 3933 ordine
358 3886 390 3933 ad
402 3886 574 3935 exsistentiam
590 3887 626 3934 rel
644 3902 694 3935 non
711 3888 883 3936 exsistentiam
894 3888 1066 3950 obligationis.
1077 3886 1122 3936 Ex.
1134 3902 1173 3950 gr.
1185 3902 1242 3937 oum
1256 3891 1311 3952 quis

130 3966 257 4017 dubitans
274 3982 306 4014 an
324 3966 356 4014 sit
373 3965 421 4023 tex,
432 3980 478 4015 nec
495 3966 597 4015 dubium
615 3966 711 4016 solvere
728 3982 773 4030 per
790 3982 817 4015 se
835 3962 873 4015 rel
891 3968 1030 4031 paralium
1046 3966 1144 4024 valens,
1155 3970 1263 4017 recurrit
1279 3970 1312 4018 ud

130 4049 183 4097 hoo
201 4048 367 4110 principium:
387 4048 442 4109 lego
460 4047 564 4095 incerta
586 4062 641 4095 non
665 4047 787 4109 obligom·
805 4053 882 4109 atque
903 4048 992 4095 exinde
1014 4045 1100 4099 infert.
1117 4048 1244 4096 actionem
1263 4050 1310 4097 sibi

132 4134 205 4177 certe
217 4127 313 4176 licitam
324 4141 389 4176 esse.
401 4126 448 4175 vet
463 4127 542 4175 etiam
558 4141 589 4175 ea
606 4132 674 4183 sunt,
685 4140 750 4189 quae
767 4128 910 4174 consistunt
925 4127 950 4174 in
962 4127 1046 4189 aliquo
1063 4128 1224 4189 praecedenti
1235 4128 1313 4177 dicta-

133 4209 214 4266 mine,
225 4224 263 4258 ex.
281 4223 318 4271 gr.
330 4220 388 4256 cnm
406 4208 462 4271 quis
478 4206 572 4256 iudicat
588 4205 681 4269 aliquid
698 4220 754 4255 esse
771 4206 874 4264 licitum,
891 4210 951 4269 quia
968 4206 1035 4255 omni
1052 4206 1167 4255 adhibita
1184 4207 1312 4270 diligentia

133 4287 236 4337 nullam
252 4286 278 4335 in
296 4302 327 4335 eo
344 4287 531 4335 inhonestatem
548 4286 651 4335 detexit.
