3159 4934
412 295 496 336 curun
514 295 540 336 n.
559 297 593 338 uu
611 295 752 358 secturam:
769 297 847 338 etvrur
1159 283 1214 340 tta

42 411 114 474 riari
136 417 242 489 potest,
263 419 293 474 et
313 410 397 473 novis
418 411 559 474 membris
576 413 714 486 conflari,
728 411 853 490 quisque
874 413 949 475 civis
968 413 1066 491 quoad
1081 413 1211 476 animam

41 517 71 572 et
86 524 196 588 corpus
209 508 321 572 incerto
335 508 454 573 cuidam
468 518 499 572 et
513 526 588 589 vago
601 511 741 588 despotae
757 511 940 584 subiicictur,
955 512 1041 574 cuins
1057 512 1211 590 tyrannide
1224 510 1229 571 ἰ

41 607 164 686 gravius
185 607 378 686 opprimatur,
400 623 488 686 quam
511 617 608 672 vetera
630 607 816 676 ethnicorum
838 609 993 688 mancipia.

16 744 28 785 ,
84 703 221 781 Demum,
242 705 427 769 manifestam
448 707 709 771 contradictionem
736 707 872 782 incurrit,
887 715 1040 786 propterea
1069 707 1149 787 quod
1175 724 1213 771 er

42 819 102 866 una
125 812 209 881 parte
228 802 395 868 libertatem
416 805 625 868 individualem
646 807 767 869 alienari
786 822 843 871 non
865 821 951 884 posse
970 807 1110 890 decernit,
1124 807 1214 899 idque

42 909 210 980 tammum
217 901 444 991 fundamentum
461 907 552 984 totius
574 906 654 982 pacti
677 904 795 970 socialis
815 905 1033 979 constituimur
1053 906 1112 967 alia
1132 905 1213 968 cites

39 999 88 1061 ita
108 1015 161 1062 sua
181 999 247 1062 iura
268 981 472 1064 communitati
494 1002 598 1066 cedere
618 1001 709 1076 iubet,
732 1011 765 1066 ut
785 1018 819 1066 ea
847 1003 977 1081 amplius
1005 1019 1143 1067 revocare
1164 1019 1215 1066 ne·

43 1103 162 1176 queant.
177 1095 258 1160 Haec
280 1105 378 1161 autem
401 1098 589 1164 vehementer
604 1107 734 1180 pugnant
754 1101 832 1164 inter
846 1117 887 1164 se
902 1098 982 1164 Nam
1003 1100 1051 1181 vel
1069 1103 1158 1167 horno
1172 1102 1213 1164 ita

42 1204 149 1258 natura
170 1211 222 1258 sua
244 1203 290 1259 est
310 1196 394 1272 liber,
415 1206 449 1260 ut
470 1214 618 1277 nunquam
639 1199 773 1277 pactione
787 1199 888 1278 aliqua
910 1215 941 1262 se
962 1180 1135 1265 subiicere
1123 1200 1215 1278 possit

40 1293 148 1368 alicui;
170 1302 212 1357 et
223 1300 292 1358 tunc
313 1312 349 1358 ne
370 1296 424 1359 toti
445 1296 564 1376 quidem
586 1295 702 1375 corpori
723 1296 827 1361 sociali
855 1298 896 1359 ita
918 1298 1138 1361 submittendus
1158 1305 1215 1372 est,

40 1401 77 1455 ut
97 1395 179 1456 ncias
202 1395 228 1456 ei
250 1395 290 1456 sit
309 1410 327 1456 a
348 1402 500 1458 contractu
522 1395 572 1458 illo
593 1395 732 1472 deinceps
754 1395 877 1458 resilire.
893 1393 949 1459 Vel
970 1403 1109 1473 perpetua
1124 1403 1155 1458 et
1174 1395 1217 1458 ir·

40 1491 220 1578 revocamus
240 1491 381 1571 obligatio
401 1492 533 1556 rinnon
554 1493 681 1556 naturai
704 1493 833 1558 nominis
849 1508 904 1555 non
926 1479 1218 1572 pompiliorum

37 1588 155 1654 corruit
175 1590 406 1666 fundamentum,
427 1607 487 1669 quo
515 1589 671 1655 Ronssaau
701 1591 814 1666 nititur,
834 1591 872 1653 ad
902 1593 1052 1670 proprium
1082 1601 1215 1670 systema

41 1688 243 1751 excitandum.
260 1686 344 1759 Quod
359 1696 457 1751 autem
473 1688 640 1768 subiungit;
654 1685 768 1751 idcirco
777 1689 954 1768 pactionem
973 1691 1152 1752 contractus
1166 1705 1216 1752 so-

41 1783 138 1848 cialis
159 1803 179 1845 n
199 1783 335 1864 sicopolis
350 1801 491 1849 seorsum
504 1787 637 1866 acceptis
651 1787 793 1849 revocari
806 1803 870 1849 noa
882 1803 986 1865 pesse,
1000 1787 1076 1864 quic
1088 1786 1214 1862 coactio,

40 1900 125 1962 quoe
142 1881 216 1946 inde
235 1883 377 1962 sequitur
398 1885 431 1946 iet
452 1880 508 1946 boe
528 1883 672 1947 consistit
695 1888 732 1946 ut
760 1884 892 1962 quisque
912 1883 1064 1964 adipatae
1089 1901 1215 1946 maome

40 1979 140 2058 tabee·
155 1997 285 2045 scomma
300 1991 346 2045 est
360 1983 444 2060 plane
456 1982 613 2046 ridiculum
625 1990 655 2045 et
668 1983 706 2044 ad
719 1981 924 2044 insultandum
936 1983 1042 2046 rationi
1060 1981 1214 2060 prolatum.

41 2077 129 2152 Quae
143 2080 220 2142 enim
235 2080 281 2142 vel
302 2081 408 2143 umbra
422 2079 570 2144 libertatis
590 2087 725 2158 superest
740 2081 768 2141 in
783 2087 956 2159 systemate,
969 2096 1028 2158 quo
1043 2081 1122 2143 cives
1136 2080 1215 2141 omoi

43 2193 170 2256 prorsus
189 2179 254 2240 iure
267 2178 405 2256 omnique
420 2178 537 2256 propria
559 2177 711 2240 voluntate
726 2176 931 2256 spoliantium
945 2185 1061 2240 tantum
1081 2177 1216 2255 suffragii

44 2273 188 2353 gaudent,
209 2276 287 2354 quod
309 2275 418 2338 nullam
440 2276 565 2356 singulis
593 2291 628 2338 ne
655 2276 752 2355 quoad
783 2277 875 2338 vitarn
904 2277 1022 2354 quidem
1051 2275 1216 2339 cautionem

43 2378 161 2435 certam
182 2374 287 2436 affert?

83 2467 230 2534 Probatur
246 2469 296 2535 lll.
311 2487 348 2534 en
368 2472 516 2550 absurdis,
532 2487 608 2551 quae
628 2479 857 2550 consequuntur.
873 2468 1016 2549 Primum,
1037 2471 1133 2553 omnis
1154 2485 1217 2533 mo·
1279 2443 1285 2552 i

40 2568 150 2658 ralitas
155 2579 361 2662 evanesceret.
374 2568 451 2633 Nam
463 2578 594 2649 systema
606 2569 663 2634 hoc
677 2569 788 2632 nullam
805 2569 986 2648 superiorem
999 2568 1093 2647 legem
1101 2552 1220 2632 bomini

40 2676 72 2730 et
89 2667 147 2745 ipsi
155 2651 295 2730 societati
310 2667 489 2746 impositam,
501 2666 614 2730 nullum
626 2667 799 2730 relationum
814 2666 945 2730 ordinem
960 2675 1012 2729 aut
1025 2668 1113 2729 tinem
1128 2681 1218 2744 agno·

39 2769 113 2842 scit,
134 2785 150 2830 a
173 2767 323 2832 voluntate
345 2775 408 2830 tum
430 2766 614 2846 singulorum
636 2774 699 2830 turn
720 2768 809 2829 etiam
832 2766 923 2829 totins
944 2766 1075 2844 corporis
1097 2766 1217 2829 socialis

41 2866 302 2944 independentern;
324 2865 375 2928 sed
396 2868 526 2929 omnium
548 2865 657 2928 iurium
679 2871 709 2926 et
729 2864 893 2928 officiorum
908 2865 1017 2926 iontem
1038 2864 1068 2926 io
1088 2863 1149 2928 sola
1165 2877 1217 2943 po-

42 2963 109 3043 puli
129 2963 223 3026 libera
244 2964 392 3026 voluntate
414 2963 578 3026 constitnit.
593 2960 677 3046 Haec
695 2964 814 3025 unicum
837 2961 1013 3041 principium
1027 2970 1074 3024 est
1086 2971 1117 3025 et
1130 2962 1219 3026 iudex

41 3062 187 3136 iustitiae,
209 3061 394 3141 moralitatis,
416 3061 580 3140 religionis:
604 3059 748 3140 quidquid
768 3060 818 3122 illa
840 3063 976 3137 imperat,
996 3067 1132 3122 sanctum
1154 3069 1218 3135 est;

42 3161 192 3242 quidquid
213 3159 360 3238 probibet,
381 3168 466 3238 turpe
487 3167 542 3222 est.
615 3211 616 3214 ,
1240 3186 1277 3289 ,a

86 3257 232 3333 Secundo,
247 3255 411 3322 Socialismi
426 3266 454 3320 et
469 3255 681 3322 Communismi
696 3258 807 3318 semina
823 3257 947 3336 spargit.
963 3253 1040 3319 Nam
1054 3272 1112 3319 uon
1132 3256 1218 3318 modo
1278 3279 1288 3294 =

43 3357 167 3421 titulum
188 3357 262 3420 iuris
284 3372 301 3419 a
322 3354 386 3420 sola
406 3357 519 3418 ratione
539 3355 734 3418 derivandum
761 3354 916 3432 praecipit,
936 3346 1021 3418 omni
1043 3355 1073 3416 vi
1095 3369 1219 3430 prorsus

40 3457 178 3520 detracta
200 3455 287 3518 lactis
308 3454 502 3528 historicis,a
522 3453 632 3532 quibus
647 3459 782 3516 concrete
803 3453 850 3514 ius
871 3452 1101 3526 determinatum
1116 3465 1218 3512 rerum

41 3555 136 3616 etiarn
158 3554 196 3617 ad
217 3569 333 3616 ornnem
354 3552 554 3616 conditionum
577 3547 731 3615 socialium
746 3553 919 3615 varietatem
940 3549 1146 3613 destruendam
1169 3564 1219 3610 ue-

43 3653 199 3714 trementer
213 3651 344 3714 inclinat.
361 3649 523 3714 Perlectam
538 3653 616 3712 enirn
630 3648 839 3728 aequalilatem
857 3648 952 3722 iubet3
969 3648 1097 3724 perlecta
1118 3653 1218 3708 autem

43 3748 211 3828 aequalitas
231 3751 308 3812 inter
322 3751 402 3812 cives
417 3749 540 3814 obtineri
557 3749 667 3826 nequit,
681 3747 738 3809 nisi
753 3747 833 3810 omui
847 3744 1046 3808 conditionum
1062 3752 1091 3807 et
1108 3743 1219 3805 iuriam

43 3847 223 3910 diversitate
244 3847 369 3910 sublata.
1247 3843 1277 3928 τ)

87 3943 196 4024 Tertio,
211 3962 267 4009 non
289 3945 376 4008 modo
398 3943 584 4008 rebellionem
605 3942 768 4020 legitimam
783 3941 864 4018 iacit,
879 3939 930 4001 sed
945 3939 1117 4001 anarchiam
1134 3936 1219 4014 plane

43 4045 153 4107 sancit.
175 4041 252 4107 Nam
274 4043 408 4122 populus,
429 4041 509 4105 nullo
531 4041 617 4103 modo
630 4040 886 4118 repraesentatos
900 4036 982 4099 sed
973 4053 1003 4097 tn
1024 4050 1056 4098 sc
1076 4043 1106 4098 et
1121 4051 1173 4113 per
1187 4051 1220 4098 se

43 4150 196 4220 sumptus,
208 4142 397 4204 constituitur
409 4148 559 4218 tamquam
572 4139 707 4215 princeps
720 4136 874 4218 absolutus
885 4143 916 4208 et
925 4135 989 4198 ions
999 4141 1030 4198 et
1041 4133 1218 4212 principium

44 4241 140 4304 totius
162 4240 275 4306 ordinis
287 4238 410 4319 politici,
425 4252 512 4316 quem
529 4251 581 4314 pro
602 4233 687 4297 libito
701 4240 885 4298 commutare
905 4238 1048 4311 potestat
1063 4233 1218 4295 invertere.
