3159 4934
304 288 355 346 138
587 302 630 345 uus
647 302 772 345 uarunau
791 320 801 329 -
819 302 887 344 vans
906 303 922 344 r.
941 302 984 346 tus
1002 299 1175 343 rnntrtnuann

300 415 496 493 coniungitur.
525 412 563 476 lit
593 414 657 477 ideo
682 412 797 493 Religio
824 414 914 477 babet
939 413 1060 492 quidem
1087 410 1244 474 interiores
1265 415 1360 484 actus,
1383 409 1473 486 quasi

303 512 477 591 principales
499 522 528 575 et
552 528 600 589 per
621 528 652 575 se
666 512 704 573 ad
719 512 888 591 religionem
906 512 1100 591 pertinentem
1114 508 1276 572 exteriores
1291 522 1360 571 vero
1374 513 1473 580 actus,

305 609 392 689 quasi
413 609 609 683 secundarios,
629 618 659 672 et
679 609 716 670 ad
736 610 892 671 interiores
912 617 998 671 aetus
1019 607 1167 670 ordinatos
1182 603 1233 685 (l).
1249 627 1268 661 »

342 702 390 769 36.
413 703 589 769 Pnorostrm
610 703 652 769 Ἃ
679 702 746 768 Deo
770 703 890 769 debitus
916 708 964 768 est
989 703 1092 767 cultus
1120 704 1215 767 elium
1238 699 1398 782 publicus,
1417 702 1476 783 qui

302 803 453 867 nimirum
473 802 512 867 ab
533 801 708 865 bominibus
727 804 903 867 societatem
920 800 1157 881 effmntuntibtts
1177 798 1350 864 celebretur.

342 898 428 965 Prob.
450 898 556 975 Homo,
577 902 602 963 si
625 899 717 965 Deum
740 900 837 965 colere
859 909 985 975 tenetur,
998 900 1129 964 officium
1143 900 1203 963 boo
1219 907 1371 976 praestare
1386 898 1476 962 debet

302 1014 358 1062 nou
381 1006 468 1078 prout
487 1000 634 1063 abstracte
655 1006 684 1062 et
704 999 894 1079 hypothetice
915 999 1089 1077 concipitur,
1107 997 1158 1061 seu
1173 1005 1260 1076 prout
1281 1005 1350 1060 actu
1372 1005 1429 1071 est,
1442 1007 1474 1059 et

301 1098 386 1159 iuxta
401 1095 561 1159 naturalem
582 1097 776 1159 conditionem
798 1112 834 1160 ac
855 1104 965 1159 statum
980 1097 1010 1159 in
1024 1112 1083 1176 quo
1098 1096 1252 1174 reperitur.
1270 1094 1363 1174 Atqui
1383 1095 1475 1159 homo

203 1248 204 1251 ,
303 1208 359 1257 non
380 1193 542 1257 solitariam
563 1195 654 1259 uitam
669 1195 758 1273 degit,
781 1195 834 1257 sed
846 1194 877 1255 iu
892 1194 1032 1257 societate
1060 1203 1128 1257 eum
1142 1192 1210 1255 aliis
1224 1194 1405 1257 constitutus
1419 1199 1475 1255 est.

302 1288 383 1370 Ergo
404 1292 518 1354 cultum
539 1288 600 1354 Deo
622 1298 774 1369 praestare
789 1292 883 1371 ¹(lebet
903 1299 991 1369 prout
1013 1290 1131 1355 socialis
1151 1297 1207 1364 est,
1227 1306 1277 1353 seu
1301 1296 1389 1369 prout
1403 1305 1475 1353 cum

303 1388 370 1449 aliis
392 1389 560 1452 societatem
581 1390 724 1454 efformat.
746 1387 780 1453 lo
802 1405 870 1453 vero
890 1389 976 1452 aliter
995 1389 1074 1452 effici
1092 1388 1204 1467 nequit,
1221 1388 1278 1450 uisi
1292 1402 1345 1466 per
1358 1388 1476 1451 cultum

305 1484 441 1549 socialem
463 1494 492 1549 et
506 1486 666 1565 publicum.

343 1581 420 1647 Hinc
442 1584 535 1646 denuo
556 1592 679 1662 apparet
699 1583 859 1647 necessitas
880 1583 979 1647 cultus
999 1584 1127 1659 externi3
1149 1584 1283 1646 homines
1304 1582 1384 1646 enim
1403 1599 1478 1647 nou·

299 1670 509 1745 ¹nisi-eut‘emis
530 1683 624 1760 signis
645 1698 744 1745 secum
764 1682 889 1745 invicem
911 1682 1143 1756 communicant,
1164 1690 1194 1745 et
1215 1682 1336 1744 unitatis
1357 1682 1476 1745 viuculo

303 1780 486 1857 copulantur.
503 1777 654 1857 Sapienter
665 1779 693 1843 S.
708 1780 895 1859 Augustinus
910 1782 968 1843 ait:
984 1802 1002 1838 e
1015 1776 1049 1842 In
1064 1780 1176 1843 nullum
1193 1794 1298 1843 nomen
1312 1777 1476 1859 Religionis

304 1877 463 1940 coadunari
477 1878 609 1941 homines
624 1893 722 1956 posse,
737 1878 795 1941 nisi
810 1878 909 1956 aliquo
923 1878 1144 1957 signaculorum
1161 1878 1208 1942 vel
1221 1885 1474 1942 sacramentorum

305 1976 449 2037 consortio
463 1974 635 2055 colligentur
651 1973 702 2056 (i).
719 1997 737 2032 s

345 2069 509 2145 Praeterea,
532 2072 629 2155 cultus
649 2073 760 2151 publici
781 2074 922 2153 obligatio
941 2090 978 2137 ex
992 2074 1067 2153 legis
1086 2073 1230 2136 naturalis
1244 2073 1402 2151 principio:
1425 2091 1477 2137 or·

305 2166 408 2231 dinem
427 2186 528 2245 serva
550 2170 700 2235 evidenter
720 2170 852 2234 infertur.
867 2170 959 2235 Totus
973 2173 1049 2234 enim
1065 2179 1190 2234 naturae
1210 2172 1284 2235 ordo.
1296 2173 1356 2235 huc
1370 2172 1475 2245 tendit,

304 2274 337 2330 ut
358 2265 430 2343 Deo,
450 2284 483 2332 eo
505 2268 664 2347 modoque
679 2275 783 2349 potest,
805 2269 928 2348 gloriam
944 2271 1092 2349 praebeat.
1108 2266 1205 2333 Homo
1220 2269 1320 2347 igitur,
1343 2276 1383 2331 ut·
1396 2269 1475 2331 eius·

305 2366 383 2429 modi
406 2374 528 2429 naturae
550 2366 724 2430 ordinationi
747 2383 779 2431 sc
794 2368 963 2441 conformet,
983 2368 1124 2446 perticere
1144 2368 1278 2444 prolecto
1299 2373 1425 2440 tenetur,
1441 2373 1476 2427 ut

305 2464 403 2528 divina
423 2465 489 2527 laus
510 2472 540 2527 et
560 2466 732 2545 obsequium
755 2466 793 2528 ab
814 2466 852 2527 iis
872 2466 970 2545 etiam,
991 2466 1170 2545 quibuscum
1196 2466 1278 2545 vivit,
1293 2465 1474 2528 tribuantur.

304 2560 382 2626 Hine
406 2563 546 2627 instinctu
576 2570 606 2627 et
630 2564 741 2627 ratione
768 2563 910 2627 incitator
929 2564 968 2626 ad
988 2563 1063 2628 alios
1083 2563 1141 2628 sibi
1163 2563 1320 2628 sociandos
1340 2564 1370 2626 in
1391 2563 1477 2627 cultu

305 2660 420 2735 bivium
442 2664 614 2739 praesertim
637 2662 707 2741 quia
730 2677 875 2725 concursu
896 2661 1021 2726 aliorum
1037 2661 1236 2741 maximopere
1249 2663 1364 2725 fovetur
1377 2663 1478 2742 pietas

275 2782 279 2793 ·
305 2766 333 2819 et
355 2757 469 2820 devotio
490 2759 614 2835 privata.
902 2769 906 2777 ’

345 2851 422 2918 Hinc
443 2856 537 2919 oritur
558 2857 708 2920 inclinatio
722 2864 752 2920 et
765 2858 897 2921 debitum
912 2858 950 2919 ad
964 2858 1028 2921 dies
1041 2859 1133 2921 lestos
1147 2857 1343 2921 instituendos
1355 2863 1386 2920 et
1401 2865 1478 2921 tem-

306 2950 355 3030 pla
378 2958 408 3013 et
435 2968 502 3015 aras
524 2969 576 3031 pro
596 2954 695 3017 divino
717 2956 826 3018 bonore
846 2955 1033 3018 dedicandas.
1060 2953 1145 3028 Quod
1169 2954 1290 3033 insuper
1319 2963 1477 3034 propterea

305 3047 395 3111 etiam
410 3052 554 3124 convenit,
566 3052 634 3130 quia
649 3068 718 3114 cum
733 3068 831 3115 nerum
846 3052 1041 3121 materialium
1057 3068 1164 3132 genera
1178 3052 1214 3115 ad
1230 3053 1306 3115 duas
1317 3053 1478 3131 praecipue

304 3146 471 3223 categorias
492 3155 673 3223 revocentur,
689 3152 809 3228 tempus
827 3155 857 3211 et
870 3148 1026 3229 spatium
1042 3151 1198 3230 utriusque
1212 3156 1326 3228 partem
1342 3150 1476 3227 aliquam

305 3242 368 3308 lico
390 3245 502 3308 sacrari
522 3254 645 3323 oportet,
665 3248 695 3309 in
716 3248 801 3309 ouius
827 3247 936 3310 ditione
949 3254 995 3310 est
1008 3256 1112 3309 natura
1128 3248 1278 3321 universa,
1292 3254 1323 3310 et
1336 3246 1480 3311 adonius

307 3341 493 3421 praeconium
515 3349 576 3407 tota
596 3352 764 3423 quantaque
782 3352 829 3408 est
849 3360 949 3408 rerum
969 3353 1136 3408 creatarum
1158 3344 1292 3408 collectio
1313 3359 1481 3410 consonare

305 3441 402 3504 debet.

584 3658 586 3661 .
685 3554 860 3621 Solvuntur
879 3556 1092 3639 difficultates.

257 3716 258 3720 ¹
345 3734 393 3800 37.
420 3733 511 3800 Obiic.
533 3735 555 3801 l.
577 3735 693 3816 lnquies
714 3751 782 3800 eum
803 3734 972 3807 Thomasio,
994 3734 1089 3800 Deum
1109 3746 1231 3800 externo
1252 3736 1336 3800 cultu
1352 3736 1479 3801 minime

306 3849 398 3913 egere.
414 3833 534 3911 Deinde,
556 3835 581 3897 si
601 3835 677 3898 iuter
689 3834 823 3897 homines
837 3841 956 3898 externa
970 3835 1054 3913 sigua
1068 3832 1254 3914 laudationis,
1275 3835 1482 3899 invocationis·

307 3932 469 4009 gratiarum
484 3933 618 4007 actionis,
632 3933 798 3996 necessaria
820 3939 907 4007 suot,
927 3932 957 3995 iu
976 3940 1133 4011 propterea
1155 3949 1229 4010 esse,
1251 3936 1321 4013 quia
1342 3934 1484 3999 homines

355 4160 390 4222 (l)
408 4160 519 4211 Stemma
536 4162 573 4213 tlt.
588 4163 627 4213 2²
642 4162 693 4213 2.oe
707 4179 731 4229 q.
746 4163 858 4220 LXXXI,
874 4178 897 4212 a.
913 4165 935 4213 7.

354 4238 392 4302 (2)
411 4240 510 4290 Contra
525 4242 668 4298 Faustum,
684 4242 725 4293 lib.
742 4244 780 4300 19,
797 4258 819 4294 e.
835 4242 874 4293 ll.
