<?xml version="1.0" encoding="UTF-8"?>
<!DOCTYPE html PUBLIC "-//W3C//DTD XHTML 1.0 Transitional//EN"
    "http://www.w3.org/TR/xhtml1/DTD/xhtml1-transitional.dtd">
<html xmlns="http://www.w3.org/1999/xhtml" xml:lang="en" lang="en">
 <head>
  <title>
</title>
<meta http-equiv="Content-Type" content="text/html;charset=utf-8" />
  <meta name='ocr-system' content='tesseract 3.04.00' />
  <meta name='ocr-capabilities' content='ocr_page ocr_carea ocr_par ocr_line ocrx_word'/>
</head>
<body>
  <div class='ocr_page' id='page_1' title='image "./institutioneset00libegoog_0332.png"; bbox 0 0 3159 4934; ppageno 0'>
   <div class='ocr_carea' id='block_1_1' title="bbox 271 261 1251 362">
    <p class='ocr_par' dir='ltr' id='par_1_1' title="bbox 271 261 1251 362">
     <span class='ocr_line' id='line_1_1' title="bbox 271 261 1251 362; baseline 0.003 -15"><span class='ocrx_word' id='word_1_1' title='bbox 271 261 356 349; x_wconf 69' lang='lat' dir='ltr'><strong>curua</strong></span> <span class='ocrx_word' id='word_1_2' title='bbox 372 304 406 346; x_wconf 88' lang='lat' dir='ltr'><strong>ur.</strong></span> <span class='ocrx_word' id='word_1_3' title='bbox 426 306 462 349; x_wconf 86' lang='lat' dir='ltr'><strong>ua</strong></span> <span class='ocrx_word' id='word_1_4' title='bbox 478 304 619 348; x_wconf 79' lang='lat' dir='ltr'><strong>sucturum</strong></span> <span class='ocrx_word' id='word_1_5' title='bbox 637 305 783 362; x_wconf 68' lang='lat' dir='ltr'><strong>muratam,</strong></span> <span class='ocrx_word' id='word_1_6' title='bbox 801 307 913 350; x_wconf 87' lang='lat' dir='ltr'><strong>uturuuu</strong></span> <span class='ocrx_word' id='word_1_7' title='bbox 932 306 1054 349; x_wconf 78' lang='lat' dir='ltr'><strong>accessus</strong></span> <span class='ocrx_word' id='word_1_8' title='bbox 1197 294 1251 351; x_wconf 70' lang='lat' dir='ltr'><strong>dil</strong></span> 
     </span>
    </p>
   </div>
   <div class='ocr_carea' id='block_1_2' title="bbox 80 416 1252 791">
    <p class='ocr_par' dir='ltr' id='par_1_2' title="bbox 80 416 1252 791">
     <span class='ocr_line' id='line_1_2' title="bbox 81 416 1251 498; baseline -0.001 -17"><span class='ocrx_word' id='word_1_9' title='bbox 81 419 157 481; x_wconf 87' lang='lat' dir='ltr'><strong>tueri</strong></span> <span class='ocrx_word' id='word_1_10' title='bbox 173 433 209 481; x_wconf 92' lang='lat' dir='ltr'><strong>ac</strong></span> <span class='ocrx_word' id='word_1_11' title='bbox 231 432 424 498; x_wconf 81' lang='lat' dir='ltr'><strong>propugnare,</strong></span> <span class='ocrx_word' id='word_1_12' title='bbox 439 422 589 495; x_wconf 88' lang='lat' dir='ltr'><strong>totamque</strong></span> <span class='ocrx_word' id='word_1_13' title='bbox 609 433 709 497; x_wconf 77' lang='lat' dir='ltr'><strong>regere</strong></span> <span class='ocrx_word' id='word_1_14' title='bbox 723 425 752 480; x_wconf 88' lang='lat' dir='ltr'><strong>et</strong></span> <span class='ocrx_word' id='word_1_15' title='bbox 773 418 936 496; x_wconf 80' lang='lat' dir='ltr'><strong>gubernare</strong></span> <span class='ocrx_word' id='word_1_16' title='bbox 950 418 1142 481; x_wconf 77' lang='lat' dir='ltr'>christianam</span> <span class='ocrx_word' id='word_1_17' title='bbox 1158 416 1251 483; x_wconf 85' lang='lat' dir='ltr'><strong>Rem·</strong></span> 
     </span>
     <span class='ocr_line' id='line_1_3' title="bbox 80 513 1252 594; baseline -0.002 -15"><span class='ocrx_word' id='word_1_18' title='bbox 80 516 241 594; x_wconf 84' lang='lat' dir='ltr'><strong>publicam.</strong></span> <span class='ocrx_word' id='word_1_19' title='bbox 256 513 329 589; x_wconf 87' lang='lat' dir='ltr'><strong>Quis</strong></span> <span class='ocrx_word' id='word_1_20' title='bbox 350 525 447 578; x_wconf 90' lang='lat' dir='ltr'><strong>autem</strong></span> <span class='ocrx_word' id='word_1_21' title='bbox 462 515 587 577; x_wconf 84' lang='lat' dir='ltr'><strong>inficiari</strong></span> <span class='ocrx_word' id='word_1_22' title='bbox 610 515 703 593; x_wconf 81' lang='lat' dir='ltr'><strong>possit</strong></span> <span class='ocrx_word' id='word_1_23' title='bbox 723 515 753 577; x_wconf 94' lang='lat' dir='ltr'><strong>in</strong></span> <span class='ocrx_word' id='word_1_24' title='bbox 767 515 825 578; x_wconf 90' lang='lat' dir='ltr'><strong>hoc</strong></span> <span class='ocrx_word' id='word_1_25' title='bbox 845 531 943 578; x_wconf 89' lang='lat' dir='ltr'><strong>rerum</strong></span> <span class='ocrx_word' id='word_1_26' title='bbox 961 516 1169 590; x_wconf 89' lang='lat' dir='ltr'><strong>humanarum,</strong></span> <span class='ocrx_word' id='word_1_27' title='bbox 1183 516 1252 594; x_wconf 82' lang='lat' dir='ltr'><strong>cpi·</strong></span> 
     </span>
     <span class='ocr_line' id='line_1_4' title="bbox 80 613 1250 691; baseline -0.002 -15"><span class='ocrx_word' id='word_1_28' title='bbox 80 615 211 687; x_wconf 89' lang='lat' dir='ltr'><strong>nionum,</strong></span> <span class='ocrx_word' id='word_1_29' title='bbox 232 613 509 691; x_wconf 90' lang='lat' dir='ltr'><strong>institutionumque</strong></span> <span class='ocrx_word' id='word_1_30' title='bbox 537 614 676 676; x_wconf 85' lang='lat' dir='ltr'><strong>condictu</strong></span> <span class='ocrx_word' id='word_1_31' title='bbox 697 615 896 677; x_wconf 88' lang='lat' dir='ltr'><strong>necessarlum</strong></span> <span class='ocrx_word' id='word_1_32' title='bbox 920 628 987 675; x_wconf 89' lang='lat' dir='ltr'><strong>esse</strong></span> <span class='ocrx_word' id='word_1_33' title='bbox 1009 621 1042 675; x_wconf 94' lang='lat' dir='ltr'><strong>ut</strong></span> <span class='ocrx_word' id='word_1_34' title='bbox 1066 624 1198 689; x_wconf 80' lang='lat' dir='ltr'><strong>serretur</strong></span> <span class='ocrx_word' id='word_1_35' title='bbox 1219 613 1250 674; x_wconf 95' lang='lat' dir='ltr'><strong>in</strong></span> 
     </span>
     <span class='ocr_line' id='line_1_5' title="bbox 80 704 1250 791; baseline 0 -16"><span class='ocrx_word' id='word_1_36' title='bbox 80 716 211 775; x_wconf 85' lang='lat' dir='ltr'><strong>extrema</strong></span> <span class='ocrx_word' id='word_1_37' title='bbox 226 707 355 789; x_wconf 83' lang='lat' dir='ltr'><strong>Europa,</strong></span> <span class='ocrx_word' id='word_1_38' title='bbox 370 710 485 773; x_wconf 90' lang='lat' dir='ltr'><strong>medius</strong></span> <span class='ocrx_word' id='word_1_39' title='bbox 500 718 560 774; x_wconf 91' lang='lat' dir='ltr'><strong>tres</strong></span> <span class='ocrx_word' id='word_1_40' title='bbox 573 711 649 773; x_wconf 87' lang='lat' dir='ltr'><strong>inter</strong></span> <span class='ocrx_word' id='word_1_41' title='bbox 672 712 778 773; x_wconf 67' lang='lat' dir='ltr'><strong>vetera</strong></span> <span class='ocrx_word' id='word_1_42' title='bbox 799 704 900 773; x_wconf 90' lang='lat' dir='ltr'><strong>mundi</strong></span> <span class='ocrx_word' id='word_1_43' title='bbox 922 712 1113 787; x_wconf 79' lang='lat' dir='ltr'><strong>continentes,</strong></span> <span class='ocrx_word' id='word_1_44' title='bbox 1127 712 1250 791; x_wconf 91' lang='lat' dir='ltr'><strong>quidam</strong></span> 
     </span>
    </p>
   </div>
   <div class='ocr_carea' id='block_1_3' title="bbox 78 813 1251 1090">
    <p class='ocr_par' dir='ltr' id='par_1_3' title="bbox 78 813 1251 1090">
     <span class='ocr_line' id='line_1_6' title="bbox 81 813 1251 895; baseline 0.002 -20"><span class='ocrx_word' id='word_1_45' title='bbox 81 814 176 876; x_wconf 87' lang='lat' dir='ltr'><strong>ueluti</strong></span> <span class='ocrx_word' id='word_1_46' title='bbox 189 829 271 877; x_wconf 87' lang='lat' dir='ltr'><strong>sacer</strong></span> <span class='ocrx_word' id='word_1_47' title='bbox 286 813 380 892; x_wconf 84' lang='lat' dir='ltr'><strong>locus,</strong></span> <span class='ocrx_word' id='word_1_48' title='bbox 394 821 424 876; x_wconf 94' lang='lat' dir='ltr'><strong>et</strong></span> <span class='ocrx_word' id='word_1_49' title='bbox 437 814 520 877; x_wconf 87' lang='lat' dir='ltr'><strong>sedes</strong></span> <span class='ocrx_word' id='word_1_50' title='bbox 541 814 764 893; x_wconf 82' lang='lat' dir='ltr'><strong>augustissima,</strong></span> <span class='ocrx_word' id='word_1_51' title='bbox 779 814 856 877; x_wconf 91' lang='lat' dir='ltr'><strong>unde</strong></span> <span class='ocrx_word' id='word_1_52' title='bbox 871 813 985 893; x_wconf 90' lang='lat' dir='ltr'><strong>populls</strong></span> <span class='ocrx_word' id='word_1_53' title='bbox 1008 815 1251 895; x_wconf 86' lang='lat' dir='ltr'><strong>principibusque</strong></span> 
     </span>
     <span class='ocr_line' id='line_1_7' title="bbox 80 910 1251 991; baseline 0 -16"><span class='ocrx_word' id='word_1_54' title='bbox 80 910 214 975; x_wconf 82' lang='lat' dir='ltr'><strong>uicissim</strong></span> <span class='ocrx_word' id='word_1_55' title='bbox 229 912 340 975; x_wconf 90' lang='lat' dir='ltr'><strong>oriatur</strong></span> <span class='ocrx_word' id='word_1_56' title='bbox 360 927 417 974; x_wconf 86' lang='lat' dir='ltr'><strong>uox</strong></span> <span class='ocrx_word' id='word_1_57' title='bbox 438 911 581 990; x_wconf 80' lang='lat' dir='ltr'><strong>quaedam</strong></span> <span class='ocrx_word' id='word_1_58' title='bbox 603 927 709 991; x_wconf 81' lang='lat' dir='ltr'><strong>magna</strong></span> <span class='ocrx_word' id='word_1_59' title='bbox 730 919 902 990; x_wconf 89' lang='lat' dir='ltr'><strong>potensque,</strong></span> <span class='ocrx_word' id='word_1_60' title='bbox 918 928 975 974; x_wconf 85' lang='lat' dir='ltr'><strong>vox</strong></span> <span class='ocrx_word' id='word_1_61' title='bbox 996 926 1101 989; x_wconf 89' lang='lat' dir='ltr'><strong>nempe</strong></span> <span class='ocrx_word' id='word_1_62' title='bbox 1121 910 1251 975; x_wconf 85' lang='lat' dir='ltr'><strong>iustitiae</strong></span> 
     </span>
     <span class='ocr_line' id='line_1_8' title="bbox 78 1008 1249 1090; baseline 0.003 -20"><span class='ocrx_word' id='word_1_63' title='bbox 78 1017 110 1070; x_wconf 91' lang='lat' dir='ltr'><strong>et</strong></span> <span class='ocrx_word' id='word_1_64' title='bbox 125 1009 266 1088; x_wconf 88' lang='lat' dir='ltr'><strong>veritatis,</strong></span> <span class='ocrx_word' id='word_1_65' title='bbox 281 1008 354 1071; x_wconf 93' lang='lat' dir='ltr'><strong>nulli</strong></span> <span class='ocrx_word' id='word_1_66' title='bbox 368 1010 471 1071; x_wconf 83' lang='lat' dir='ltr'><strong>fauens</strong></span> <span class='ocrx_word' id='word_1_67' title='bbox 487 1025 557 1087; x_wconf 86' lang='lat' dir='ltr'><strong>prae</strong></span> <span class='ocrx_word' id='word_1_68' title='bbox 573 1010 689 1085; x_wconf 88' lang='lat' dir='ltr'><strong>ceteris,</strong></span> <span class='ocrx_word' id='word_1_69' title='bbox 703 1010 813 1072; x_wconf 93' lang='lat' dir='ltr'><strong>nullius</strong></span> <span class='ocrx_word' id='word_1_70' title='bbox 828 1010 992 1090; x_wconf 88' lang='lat' dir='ltr'><strong>obsequens</strong></span> <span class='ocrx_word' id='word_1_71' title='bbox 1013 1010 1146 1085; x_wconf 87' lang='lat' dir='ltr'><strong>arbitrio,</strong></span> <span class='ocrx_word' id='word_1_72' title='bbox 1160 1027 1249 1089; x_wconf 91' lang='lat' dir='ltr'><strong>quam</strong></span> 
     </span>
    </p>
   </div>
   <div class='ocr_carea' id='block_1_4' title="bbox 44 1112 1296 3831">
    <p class='ocr_par' dir='ltr' id='par_1_4' title="bbox 78 1112 1259 2561">
     <span class='ocr_line' id='line_1_9' title="bbox 81 1112 1251 1192; baseline 0 -19"><span class='ocrx_word' id='word_1_73' title='bbox 81 1126 136 1173; x_wconf 90' lang='lat' dir='ltr'><strong>nec</strong></span> <span class='ocrx_word' id='word_1_74' title='bbox 158 1112 290 1175; x_wconf 87' lang='lat' dir='ltr'><strong>terrendo</strong></span> <span class='ocrx_word' id='word_1_75' title='bbox 311 1127 508 1190; x_wconf 88' lang='lat' dir='ltr'><strong>compescere,</strong></span> <span class='ocrx_word' id='word_1_76' title='bbox 530 1128 584 1175; x_wconf 92' lang='lat' dir='ltr'><strong>uec</strong></span> <span class='ocrx_word' id='word_1_77' title='bbox 605 1112 674 1173; x_wconf 92' lang='lat' dir='ltr'><strong>ullis</strong></span> <span class='ocrx_word' id='word_1_78' title='bbox 694 1114 810 1175; x_wconf 85' lang='lat' dir='ltr'><strong>artibus</strong></span> <span class='ocrx_word' id='word_1_79' title='bbox 831 1112 988 1192; x_wconf 90' lang='lat' dir='ltr'><strong>quisquam</strong></span> <span class='ocrx_word' id='word_1_80' title='bbox 1012 1113 1106 1191; x_wconf 87' lang='lat' dir='ltr'><strong>possit</strong></span> <span class='ocrx_word' id='word_1_81' title='bbox 1124 1112 1251 1175; x_wconf 91' lang='lat' dir='ltr'><strong>circum·</strong></span> 
     </span>
     <span class='ocr_line' id='line_1_10' title="bbox 80 1206 1251 1289; baseline 0.001 -19"><span class='ocrx_word' id='word_1_82' title='bbox 80 1208 199 1271; x_wconf 79' lang='lat' dir='ltr'><strong>veniret</strong></span> <span class='ocrx_word' id='word_1_83' title='bbox 214 1206 271 1282; x_wconf 87' lang='lat' dir='ltr'><strong>Qui</strong></span> <span class='ocrx_word' id='word_1_84' title='bbox 294 1224 382 1287; x_wconf 90' lang='lat' dir='ltr'><strong>porro</strong></span> <span class='ocrx_word' id='word_1_85' title='bbox 402 1210 448 1273; x_wconf 85' lang='lat' dir='ltr'><strong>rcl</strong></span> <span class='ocrx_word' id='word_1_86' title='bbox 469 1211 527 1273; x_wconf 91' lang='lat' dir='ltr'><strong>hac</strong></span> <span class='ocrx_word' id='word_1_87' title='bbox 542 1211 608 1273; x_wconf 88' lang='lat' dir='ltr'><strong>uice</strong></span> <span class='ocrx_word' id='word_1_88' title='bbox 629 1211 692 1273; x_wconf 87' lang='lat' dir='ltr'><strong>fieri</strong></span> <span class='ocrx_word' id='word_1_89' title='bbox 714 1213 857 1289; x_wconf 89' lang='lat' dir='ltr'><strong>potuisset</strong></span> <span class='ocrx_word' id='word_1_90' title='bbox 878 1218 910 1274; x_wconf 91' lang='lat' dir='ltr'><strong>ut</strong></span> <span class='ocrx_word' id='word_1_91' title='bbox 925 1209 1077 1273; x_wconf 81' lang='lat' dir='ltr'><strong>Ecclesiae</strong></span> <span class='ocrx_word' id='word_1_92' title='bbox 1091 1210 1251 1273; x_wconf 89' lang='lat' dir='ltr'><strong>Autislites</strong></span> 
     </span>
     <span class='ocr_line' id='line_1_11' title="bbox 80 1306 1251 1381; baseline 0.002 -14"><span class='ocrx_word' id='word_1_93' title='bbox 80 1306 178 1369; x_wconf 90' lang='lat' dir='ltr'><strong>securi</strong></span> <span class='ocrx_word' id='word_1_94' title='bbox 201 1307 260 1369; x_wconf 88' lang='lat' dir='ltr'><strong>huc</strong></span> <span class='ocrx_word' id='word_1_95' title='bbox 281 1322 317 1369; x_wconf 87' lang='lat' dir='ltr'><strong>ex</strong></span> <span class='ocrx_word' id='word_1_96' title='bbox 340 1315 401 1371; x_wconf 88' lang='lat' dir='ltr'><strong>totu</strong></span> <span class='ocrx_word' id='word_1_97' title='bbox 430 1309 500 1371; x_wconf 88' lang='lat' dir='ltr'><strong>orbe</strong></span> <span class='ocrx_word' id='word_1_98' title='bbox 521 1308 720 1381; x_wconf 88' lang='lat' dir='ltr'><strong>adcurrerent,</strong></span> <span class='ocrx_word' id='word_1_99' title='bbox 741 1324 808 1372; x_wconf 90' lang='lat' dir='ltr'><strong>cum</strong></span> <span class='ocrx_word' id='word_1_100' title='bbox 838 1306 999 1372; x_wconf 80' lang='lat' dir='ltr'><strong>Sanctitate</strong></span> <span class='ocrx_word' id='word_1_101' title='bbox 1020 1306 1084 1371; x_wconf 83' lang='lat' dir='ltr'><strong>Tua</strong></span> <span class='ocrx_word' id='word_1_102' title='bbox 1104 1307 1141 1373; x_wconf 90' lang='lat' dir='ltr'><strong>de</strong></span> <span class='ocrx_word' id='word_1_103' title='bbox 1163 1309 1251 1371; x_wconf 87' lang='lat' dir='ltr'><strong>reburs</strong></span> 
     </span>
     <span class='ocr_line' id='line_1_12' title="bbox 79 1405 1252 1486; baseline 0.002 -21"><span class='ocrx_word' id='word_1_104' title='bbox 79 1405 265 1483; x_wconf 81' lang='lat' dir='ltr'><strong>gravissimis</strong></span> <span class='ocrx_word' id='word_1_105' title='bbox 279 1406 387 1479; x_wconf 89' lang='lat' dir='ltr'><strong>acturi,</strong></span> <span class='ocrx_word' id='word_1_106' title='bbox 401 1406 428 1467; x_wconf 89' lang='lat' dir='ltr'><strong>si</strong></span> <span class='ocrx_word' id='word_1_107' title='bbox 442 1422 477 1467; x_wconf 86' lang='lat' dir='ltr'><strong>en</strong></span> <span class='ocrx_word' id='word_1_108' title='bbox 492 1413 536 1468; x_wconf 90' lang='lat' dir='ltr'><strong>tot</strong></span> <span class='ocrx_word' id='word_1_109' title='bbox 550 1414 639 1485; x_wconf 90' lang='lat' dir='ltr'><strong>atque</strong></span> <span class='ocrx_word' id='word_1_110' title='bbox 660 1415 718 1468; x_wconf 89' lang='lat' dir='ltr'><strong>tarn</strong></span> <span class='ocrx_word' id='word_1_111' title='bbox 735 1407 859 1471; x_wconf 88' lang='lat' dir='ltr'><strong>diversis</strong></span> <span class='ocrx_word' id='word_1_112' title='bbox 875 1407 1042 1486; x_wconf 83' lang='lat' dir='ltr'><strong>regionibus</strong></span> <span class='ocrx_word' id='word_1_113' title='bbox 1057 1406 1252 1485; x_wconf 85' lang='lat' dir='ltr'><strong>gentibusque</strong></span> 
     </span>
     <span class='ocr_line' id='line_1_13' title="bbox 78 1502 1251 1583; baseline 0 -19"><span class='ocrx_word' id='word_1_114' title='bbox 78 1502 272 1576; x_wconf 82' lang='lat' dir='ltr'><strong>conduentes,</strong></span> <span class='ocrx_word' id='word_1_115' title='bbox 287 1502 448 1581; x_wconf 91' lang='lat' dir='ltr'><strong>principem</strong></span> <span class='ocrx_word' id='word_1_116' title='bbox 471 1504 598 1582; x_wconf 85' lang='lat' dir='ltr'><strong>aliquem</strong></span> <span class='ocrx_word' id='word_1_117' title='bbox 620 1503 806 1579; x_wconf 88' lang='lat' dir='ltr'><strong>invenissent,</strong></span> <span class='ocrx_word' id='word_1_118' title='bbox 821 1504 869 1565; x_wconf 89' lang='lat' dir='ltr'><strong>his</strong></span> <span class='ocrx_word' id='word_1_119' title='bbox 891 1504 951 1567; x_wconf 90' lang='lat' dir='ltr'><strong>uris</strong></span> <span class='ocrx_word' id='word_1_120' title='bbox 977 1504 1184 1577; x_wconf 86' lang='lat' dir='ltr'><strong>dominantem,</strong></span> <span class='ocrx_word' id='word_1_121' title='bbox 1199 1503 1251 1583; x_wconf 96' lang='lat' dir='ltr'><strong>qui</strong></span> 
     </span>
     <span class='ocr_line' id='line_1_14' title="bbox 80 1599 1251 1681; baseline 0.003 -21"><span class='ocrx_word' id='word_1_122' title='bbox 80 1599 127 1661; x_wconf 88' lang='lat' dir='ltr'><strong>vel</strong></span> <span class='ocrx_word' id='word_1_123' title='bbox 148 1600 297 1677; x_wconf 79' lang='lat' dir='ltr'><strong>principes</strong></span> <span class='ocrx_word' id='word_1_124' title='bbox 311 1601 442 1678; x_wconf 90' lang='lat' dir='ltr'><strong>ipsorum</strong></span> <span class='ocrx_word' id='word_1_125' title='bbox 458 1602 488 1662; x_wconf 94' lang='lat' dir='ltr'><strong>in</strong></span> <span class='ocrx_word' id='word_1_126' title='bbox 510 1601 678 1678; x_wconf 89' lang='lat' dir='ltr'><strong>suspicione</strong></span> <span class='ocrx_word' id='word_1_127' title='bbox 697 1602 891 1675; x_wconf 73' lang='lat' dir='ltr'><strong>cabaretum</strong></span> <span class='ocrx_word' id='word_1_128' title='bbox 913 1601 982 1675; x_wconf 91' lang='lat' dir='ltr'><strong>illis,</strong></span> <span class='ocrx_word' id='word_1_129' title='bbox 998 1610 1156 1681; x_wconf 90' lang='lat' dir='ltr'><strong>suspectus</strong></span> <span class='ocrx_word' id='word_1_130' title='bbox 1177 1600 1251 1678; x_wconf 90' lang='lat' dir='ltr'><strong>ipse,</strong></span> 
     </span>
     <span class='ocr_line' id='line_1_15' title="bbox 79 1696 1250 1777; baseline 0.002 -18"><span class='ocrx_word' id='word_1_131' title='bbox 79 1697 311 1760; x_wconf 81' lang='lat' dir='ltr'><strong>adversaretur?</strong></span> <span class='ocrx_word' id='word_1_132' title='bbox 328 1696 386 1761; x_wconf 89' lang='lat' dir='ltr'><strong>Sua</strong></span> <span class='ocrx_word' id='word_1_133' title='bbox 403 1706 474 1760; x_wconf 89' lang='lat' dir='ltr'><strong>sunt</strong></span> <span class='ocrx_word' id='word_1_134' title='bbox 487 1700 564 1761; x_wconf 88' lang='lat' dir='ltr'><strong>enim</strong></span> <span class='ocrx_word' id='word_1_135' title='bbox 579 1707 608 1761; x_wconf 91' lang='lat' dir='ltr'><strong>et</strong></span> <span class='ocrx_word' id='word_1_136' title='bbox 623 1698 786 1761; x_wconf 89' lang='lat' dir='ltr'><strong>christiano</strong></span> <span class='ocrx_word' id='word_1_137' title='bbox 801 1708 830 1761; x_wconf 88' lang='lat' dir='ltr'><strong>et</strong></span> <span class='ocrx_word' id='word_1_138' title='bbox 844 1700 901 1762; x_wconf 89' lang='lat' dir='ltr'><strong>civi</strong></span> <span class='ocrx_word' id='word_1_139' title='bbox 917 1700 1023 1772; x_wconf 85' lang='lat' dir='ltr'><strong>officia,</strong></span> <span class='ocrx_word' id='word_1_140' title='bbox 1037 1700 1116 1761; x_wconf 88' lang='lat' dir='ltr'><strong>haud</strong></span> <span class='ocrx_word' id='word_1_141' title='bbox 1133 1699 1250 1777; x_wconf 91' lang='lat' dir='ltr'><strong>quidem</strong></span> 
     </span>
     <span class='ocr_line' id='line_1_16' title="bbox 80 1795 1251 1883; baseline 0.002 -28"><span class='ocrx_word' id='word_1_142' title='bbox 80 1796 276 1873; x_wconf 80' lang='lat' dir='ltr'><strong>repugnantia</strong></span> <span class='ocrx_word' id='word_1_143' title='bbox 297 1796 374 1859; x_wconf 90' lang='lat' dir='ltr'><strong>iuter</strong></span> <span class='ocrx_word' id='word_1_144' title='bbox 396 1811 439 1871; x_wconf 93' lang='lat' dir='ltr'><strong>se,</strong></span> <span class='ocrx_word' id='word_1_145' title='bbox 459 1796 511 1858; x_wconf 88' lang='lat' dir='ltr'><strong>sed</strong></span> <span class='ocrx_word' id='word_1_146' title='bbox 531 1797 649 1860; x_wconf 87' lang='lat' dir='ltr'><strong>diversa</strong></span> <span class='ocrx_word' id='word_1_147' title='bbox 670 1804 777 1870; x_wconf 86' lang='lat' dir='ltr'><strong>tamen,</strong></span> <span class='ocrx_word' id='word_1_148' title='bbox 799 1812 875 1881; x_wconf 91' lang='lat' dir='ltr'><strong>quae</strong></span> <span class='ocrx_word' id='word_1_149' title='bbox 895 1797 1010 1874; x_wconf 90' lang='lat' dir='ltr'><strong>impleri</strong></span> <span class='ocrx_word' id='word_1_150' title='bbox 1034 1796 1072 1859; x_wconf 89' lang='lat' dir='ltr'><strong>ab</strong></span> <span class='ocrx_word' id='word_1_151' title='bbox 1093 1795 1251 1883; x_wconf 90' lang='lat' dir='ltr'><strong>Episcopis</strong></span> 
     </span>
     <span class='ocr_line' id='line_1_17' title="bbox 80 1891 1252 1973; baseline 0.003 -21"><span class='ocrx_word' id='word_1_152' title='bbox 80 1891 230 1969; x_wconf 92' lang='lat' dir='ltr'><strong>quomodo</strong></span> <span class='ocrx_word' id='word_1_153' title='bbox 250 1900 380 1971; x_wconf 89' lang='lat' dir='ltr'><strong>possent,</strong></span> <span class='ocrx_word' id='word_1_154' title='bbox 400 1893 459 1955; x_wconf 91' lang='lat' dir='ltr'><strong>nisi</strong></span> <span class='ocrx_word' id='word_1_155' title='bbox 478 1901 608 1956; x_wconf 84' lang='lat' dir='ltr'><strong>exstaret</strong></span> <span class='ocrx_word' id='word_1_156' title='bbox 628 1892 742 1957; x_wconf 85' lang='lat' dir='ltr'><strong>Romae</strong></span> <span class='ocrx_word' id='word_1_157' title='bbox 762 1894 859 1958; x_wconf 87' lang='lat' dir='ltr'><strong>civilis</strong></span> <span class='ocrx_word' id='word_1_158' title='bbox 881 1894 1072 1973; x_wconf 82' lang='lat' dir='ltr'><strong>principatus,</strong></span> <span class='ocrx_word' id='word_1_159' title='bbox 1086 1894 1184 1973; x_wconf 93' lang='lat' dir='ltr'><strong>qualis</strong></span> <span class='ocrx_word' id='word_1_160' title='bbox 1205 1902 1252 1958; x_wconf 89' lang='lat' dir='ltr'><strong>est</strong></span> 
     </span>
     <span class='ocr_line' id='line_1_18' title="bbox 80 1985 1251 2072; baseline 0.007 -23"><span class='ocrx_word' id='word_1_161' title='bbox 80 1985 271 2063; x_wconf 85' lang='lat' dir='ltr'><strong>Pontificum,</strong></span> <span class='ocrx_word' id='word_1_162' title='bbox 291 1989 366 2051; x_wconf 91' lang='lat' dir='ltr'><strong>iuris</strong></span> <span class='ocrx_word' id='word_1_163' title='bbox 389 1990 477 2052; x_wconf 90' lang='lat' dir='ltr'><strong>alieni</strong></span> <span class='ocrx_word' id='word_1_164' title='bbox 505 1992 622 2053; x_wconf 90' lang='lat' dir='ltr'><strong>omnino</strong></span> <span class='ocrx_word' id='word_1_165' title='bbox 648 1990 798 2065; x_wconf 91' lang='lat' dir='ltr'><strong>immunis,</strong></span> <span class='ocrx_word' id='word_1_166' title='bbox 819 1999 848 2054; x_wconf 92' lang='lat' dir='ltr'><strong>et</strong></span> <span class='ocrx_word' id='word_1_167' title='bbox 876 2000 1009 2071; x_wconf 90' lang='lat' dir='ltr'><strong>centrum</strong></span> <span class='ocrx_word' id='word_1_168' title='bbox 1035 1992 1251 2072; x_wconf 92' lang='lat' dir='ltr'><strong>quodammodo</strong></span> 
     </span>
     <span class='ocr_line' id='line_1_19' title="bbox 81 2086 1252 2169; baseline 0.005 -21"><span class='ocrx_word' id='word_1_169' title='bbox 81 2086 258 2151; x_wconf 89' lang='lat' dir='ltr'><strong>universalis</strong></span> <span class='ocrx_word' id='word_1_170' title='bbox 279 2088 464 2161; x_wconf 86' lang='lat' dir='ltr'><strong>concordiae,</strong></span> <span class='ocrx_word' id='word_1_171' title='bbox 483 2088 558 2150; x_wconf 84' lang='lat' dir='ltr'><strong>uiuil</strong></span> <span class='ocrx_word' id='word_1_172' title='bbox 582 2088 753 2151; x_wconf 90' lang='lat' dir='ltr'><strong>ambitionis</strong></span> <span class='ocrx_word' id='word_1_173' title='bbox 780 2092 928 2153; x_wconf 86' lang='lat' dir='ltr'><strong>humanae</strong></span> <span class='ocrx_word' id='word_1_174' title='bbox 957 2090 1082 2168; x_wconf 90' lang='lat' dir='ltr'><strong>spirans,</strong></span> <span class='ocrx_word' id='word_1_175' title='bbox 1103 2090 1177 2153; x_wconf 93' lang='lat' dir='ltr'><strong>nihil</strong></span> <span class='ocrx_word' id='word_1_176' title='bbox 1198 2106 1252 2169; x_wconf 92' lang='lat' dir='ltr'><strong>pro</strong></span> 
     </span>
     <span class='ocr_line' id='line_1_20' title="bbox 82 2185 1252 2267; baseline 0.004 -20"><span class='ocrx_word' id='word_1_177' title='bbox 82 2193 198 2248; x_wconf 88' lang='lat' dir='ltr'><strong>terrena</strong></span> <span class='ocrx_word' id='word_1_178' title='bbox 213 2185 410 2248; x_wconf 89' lang='lat' dir='ltr'><strong>dominatione</strong></span> <span class='ocrx_word' id='word_1_179' title='bbox 424 2185 564 2249; x_wconf 83' lang='lat' dir='ltr'><strong>moliens?</strong></span> <span class='ocrx_word' id='word_1_180' title='bbox 580 2185 629 2248; x_wconf 85' lang='lat' dir='ltr'><strong>Ad</strong></span> <span class='ocrx_word' id='word_1_181' title='bbox 649 2186 774 2249; x_wconf 89' lang='lat' dir='ltr'><strong>liberum</strong></span> <span class='ocrx_word' id='word_1_182' title='bbox 796 2203 866 2266; x_wconf 83' lang='lat' dir='ltr'><strong>ergo</strong></span> <span class='ocrx_word' id='word_1_183' title='bbox 882 2185 1052 2251; x_wconf 85' lang='lat' dir='ltr'><strong>Pontificem</strong></span> <span class='ocrx_word' id='word_1_184' title='bbox 1068 2186 1179 2267; x_wconf 83' lang='lat' dir='ltr'><strong>Regem</strong></span> <span class='ocrx_word' id='word_1_185' title='bbox 1202 2204 1252 2252; x_wconf 86' lang='lat' dir='ltr'><strong>ue-</strong></span> 
     </span>
     <span class='ocr_line' id='line_1_21' title="bbox 80 2281 1251 2363; baseline 0.003 -19"><span class='ocrx_word' id='word_1_186' title='bbox 80 2282 180 2344; x_wconf 91' lang='lat' dir='ltr'><strong>nimus</strong></span> <span class='ocrx_word' id='word_1_187' title='bbox 201 2282 302 2345; x_wconf 88' lang='lat' dir='ltr'><strong>liberi:</strong></span> <span class='ocrx_word' id='word_1_188' title='bbox 316 2281 471 2345; x_wconf 82' lang='lat' dir='ltr'><strong>Ecclesiae</strong></span> <span class='ocrx_word' id='word_1_189' title='bbox 485 2283 575 2345; x_wconf 88' lang='lat' dir='ltr'><strong>rebus</strong></span> <span class='ocrx_word' id='word_1_190' title='bbox 595 2291 696 2362; x_wconf 88' lang='lat' dir='ltr'><strong>utpote</strong></span> <span class='ocrx_word' id='word_1_191' title='bbox 710 2283 858 2359; x_wconf 82' lang='lat' dir='ltr'><strong>Pastores,</strong></span> <span class='ocrx_word' id='word_1_192' title='bbox 872 2294 901 2347; x_wconf 86' lang='lat' dir='ltr'><strong>et</strong></span> <span class='ocrx_word' id='word_1_193' title='bbox 916 2286 1029 2362; x_wconf 90' lang='lat' dir='ltr'><strong>patriae</strong></span> <span class='ocrx_word' id='word_1_194' title='bbox 1045 2292 1146 2363; x_wconf 89' lang='lat' dir='ltr'><strong>utpute</strong></span> <span class='ocrx_word' id='word_1_195' title='bbox 1161 2286 1251 2359; x_wconf 87' lang='lat' dir='ltr'><strong>cives,</strong></span> 
     </span>
     <span class='ocr_line' id='line_1_22' title="bbox 83 2378 1259 2461; baseline 0.003 -19"><span class='ocrx_word' id='word_1_196' title='bbox 83 2380 157 2442; x_wconf 86' lang='lat' dir='ltr'><strong>bene</strong></span> <span class='ocrx_word' id='word_1_197' title='bbox 171 2386 202 2441; x_wconf 91' lang='lat' dir='ltr'><strong>et</strong></span> <span class='ocrx_word' id='word_1_198' title='bbox 214 2394 308 2458; x_wconf 89' lang='lat' dir='ltr'><strong>acque</strong></span> <span class='ocrx_word' id='word_1_199' title='bbox 322 2378 516 2454; x_wconf 88' lang='lat' dir='ltr'><strong>consulentes,</strong></span> <span class='ocrx_word' id='word_1_200' title='bbox 529 2391 624 2460; x_wconf 88' lang='lat' dir='ltr'><strong>neque</strong></span> <span class='ocrx_word' id='word_1_201' title='bbox 637 2378 805 2455; x_wconf 89' lang='lat' dir='ltr'><strong>Pastorum,</strong></span> <span class='ocrx_word' id='word_1_202' title='bbox 817 2398 911 2460; x_wconf 84' lang='lat' dir='ltr'><strong>neque</strong></span> <span class='ocrx_word' id='word_1_203' title='bbox 932 2383 1041 2445; x_wconf 89' lang='lat' dir='ltr'><strong>civium</strong></span> <span class='ocrx_word' id='word_1_204' title='bbox 1055 2382 1152 2446; x_wconf 86' lang='lat' dir='ltr'><strong>officia</strong></span> <span class='ocrx_word' id='word_1_205' title='bbox 1169 2392 1259 2461; x_wconf 77' lang='lat' dir='ltr'><strong>post-¹</strong></span> 
     </span>
     <span class='ocr_line' id='line_1_23' title="bbox 83 2465 1230 2561; baseline -0.003 -22"><span class='ocrx_word' id='word_1_206' title='bbox 83 2465 328 2561; x_wconf 41' lang='lat' dir='ltr'><strong>conculcem)</strong></span> <span class='ocrx_word' id='word_1_207' title='bbox 1207 2480 1230 2501; x_wconf 70' lang='lat'><strong>‘¹</strong></span> 
     </span>
    </p>

    <p class='ocr_par' dir='ltr' id='par_1_5' title="bbox 44 2564 1253 2755">
     <span class='ocr_line' id='line_1_24' title="bbox 44 2564 1253 2657; baseline 0.001 -17"><span class='ocrx_word' id='word_1_208' title='bbox 44 2567 193 2640; x_wconf 38' lang='lat'><strong>*4351</strong></span> <span class='ocrx_word' id='word_1_209' title='bbox 205 2564 380 2641; x_wconf 83' lang='lat' dir='ltr'><strong>Paoeostmo</strong></span> <span class='ocrx_word' id='word_1_210' title='bbox 402 2573 445 2639; x_wconf 74' lang='lat'><strong>3⁸.</strong></span> <span class='ocrx_word' id='word_1_211' title='bbox 461 2575 574 2640; x_wconf 80' lang='lat' dir='ltr'><strong>Status</strong></span> <span class='ocrx_word' id='word_1_212' title='bbox 590 2574 739 2657; x_wconf 78' lang='lat' dir='ltr'><strong>politicas</strong></span> <span class='ocrx_word' id='word_1_213' title='bbox 760 2595 958 2657; x_wconf 77' lang='lat' dir='ltr'><strong>nequaquam</strong></span> <span class='ocrx_word' id='word_1_214' title='bbox 975 2576 1017 2653; x_wconf 32' lang='lat' dir='ltr'><strong>,ab</strong></span> <span class='ocrx_word' id='word_1_215' title='bbox 1037 2576 1182 2643; x_wconf 82' lang='lat' dir='ltr'><strong>Ecclesia</strong></span> <span class='ocrx_word' id='word_1_216' title='bbox 1202 2596 1253 2643; x_wconf 87' lang='lat' dir='ltr'><strong>sc-</strong></span> 
     </span>
     <span class='ocr_line' id='line_1_25' title="bbox 76 2673 325 2755; baseline 0 -18"><span class='ocrx_word' id='word_1_217' title='bbox 76 2673 247 2755; x_wconf 81' lang='lat' dir='ltr'><strong>paraadus</strong></span> <span class='ocrx_word' id='word_1_218' title='bbox 268 2676 325 2737; x_wconf 80' lang='lat' dir='ltr'><strong>esi.</strong></span> 
     </span>
    </p>

    <p class='ocr_par' dir='ltr' id='par_1_6' title="bbox 79 2770 1296 3441">
     <span class='ocr_line' id='line_1_26' title="bbox 121 2770 1296 2852; baseline 0.004 -18"><span class='ocrx_word' id='word_1_219' title='bbox 121 2770 208 2835; x_wconf 86' lang='lat' dir='ltr'><strong>Proh.</strong></span> <span class='ocrx_word' id='word_1_220' title='bbox 230 2770 296 2836; x_wconf 93' lang='lat' dir='ltr'><strong>Non</strong></span> <span class='ocrx_word' id='word_1_221' title='bbox 317 2780 385 2835; x_wconf 89' lang='lat' dir='ltr'><strong>suut</strong></span> <span class='ocrx_word' id='word_1_222' title='bbox 406 2773 586 2851; x_wconf 88' lang='lat' dir='ltr'><strong>separandae</strong></span> <span class='ocrx_word' id='word_1_223' title='bbox 613 2774 778 2848; x_wconf 90' lang='lat' dir='ltr'><strong>societates,</strong></span> <span class='ocrx_word' id='word_1_224' title='bbox 796 2790 921 2852; x_wconf 89' lang='lat' dir='ltr'><strong>quarum</strong></span> <span class='ocrx_word' id='word_1_225' title='bbox 944 2776 1018 2837; x_wconf 85' lang='lat' dir='ltr'><strong>lines</strong></span> <span class='ocrx_word' id='word_1_226' title='bbox 1039 2790 1094 2839; x_wconf 92' lang='lat' dir='ltr'><strong>uon</strong></span> <span class='ocrx_word' id='word_1_227' title='bbox 1117 2784 1187 2838; x_wconf 90' lang='lat' dir='ltr'><strong>sunt</strong></span> <span class='ocrx_word' id='word_1_228' title='bbox 1207 2792 1254 2839; x_wconf 83' lang='lat' dir='ltr'><strong>se·</strong></span> <span class='ocrx_word' id='word_1_229' title='bbox 1293 2791 1296 2799; x_wconf 83' lang='lat'><em>·</em></span> 
     </span>
     <span class='ocr_line' id='line_1_27' title="bbox 79 2869 1251 2957; baseline 0.004 -25"><span class='ocrx_word' id='word_1_230' title='bbox 79 2870 186 2949; x_wconf 90' lang='lat' dir='ltr'><strong>parati.</strong></span> <span class='ocrx_word' id='word_1_231' title='bbox 208 2869 302 2949; x_wconf 84' lang='lat' dir='ltr'><strong>Atqui</strong></span> <span class='ocrx_word' id='word_1_232' title='bbox 325 2871 394 2934; x_wconf 86' lang='lat' dir='ltr'><strong>linis</strong></span> <span class='ocrx_word' id='word_1_233' title='bbox 416 2869 520 2935; x_wconf 85' lang='lat' dir='ltr'><strong>Status</strong></span> <span class='ocrx_word' id='word_1_234' title='bbox 542 2871 653 2950; x_wconf 88' lang='lat' dir='ltr'><strong>politici</strong></span> <span class='ocrx_word' id='word_1_235' title='bbox 674 2879 796 2935; x_wconf 89' lang='lat' dir='ltr'><strong>nonest</strong></span> <span class='ocrx_word' id='word_1_236' title='bbox 817 2880 971 2950; x_wconf 89' lang='lat' dir='ltr'><strong>separatus</strong></span> <span class='ocrx_word' id='word_1_237' title='bbox 985 2891 1002 2935; x_wconf 89' lang='lat' dir='ltr'><strong>a</strong></span> <span class='ocrx_word' id='word_1_238' title='bbox 1018 2875 1075 2935; x_wconf 86' lang='lat' dir='ltr'><strong>line</strong></span> <span class='ocrx_word' id='word_1_239' title='bbox 1088 2871 1251 2957; x_wconf 87' lang='lat' dir='ltr'><strong>Ecclesiae.</strong></span> 
     </span>
     <span class='ocr_line' id='line_1_28' title="bbox 80 2966 1252 3048; baseline 0.003 -17"><span class='ocrx_word' id='word_1_240' title='bbox 80 2967 162 3046; x_wconf 80' lang='lat' dir='ltr'><strong>Ergo</strong></span> <span class='ocrx_word' id='word_1_241' title='bbox 175 2976 232 3031; x_wconf 87' lang='lat' dir='ltr'><strong>etc.</strong></span> <span class='ocrx_word' id='word_1_242' title='bbox 248 2966 360 3031; x_wconf 81' lang='lat' dir='ltr'><strong>Maior</strong></span> <span class='ocrx_word' id='word_1_243' title='bbox 373 2984 425 3046; x_wconf 89' lang='lat' dir='ltr'><strong>per</strong></span> <span class='ocrx_word' id='word_1_244' title='bbox 440 2986 473 3031; x_wconf 88' lang='lat' dir='ltr'><strong>se</strong></span> <span class='ocrx_word' id='word_1_245' title='bbox 487 2977 582 3047; x_wconf 90' lang='lat' dir='ltr'><strong>patet;</strong></span> <span class='ocrx_word' id='word_1_246' title='bbox 596 2968 741 3048; x_wconf 92' lang='lat' dir='ltr'><strong>siquidem</strong></span> <span class='ocrx_word' id='word_1_247' title='bbox 758 2970 914 3033; x_wconf 88' lang='lat' dir='ltr'><strong>societates</strong></span> <span class='ocrx_word' id='word_1_248' title='bbox 928 2979 999 3034; x_wconf 89' lang='lat' dir='ltr'><strong>suut</strong></span> <span class='ocrx_word' id='word_1_249' title='bbox 1012 2972 1124 3035; x_wconf 90' lang='lat' dir='ltr'><strong>ratione</strong></span> <span class='ocrx_word' id='word_1_250' title='bbox 1139 2973 1252 3035; x_wconf 85' lang='lat' dir='ltr'><strong>linium.</strong></span> 
     </span>
     <span class='ocr_line' id='line_1_29' title="bbox 80 3056 1253 3149; baseline 0.003 -21"><span class='ocrx_word' id='word_1_251' title='bbox 80 3064 193 3129; x_wconf 80' lang='lat' dir='ltr'><strong>Minor</strong></span> <span class='ocrx_word' id='word_1_252' title='bbox 206 3080 277 3129; x_wconf 89' lang='lat' dir='ltr'><strong>vero</strong></span> <span class='ocrx_word' id='word_1_253' title='bbox 290 3066 379 3129; x_wconf 88' lang='lat' dir='ltr'><strong>iacile</strong></span> <span class='ocrx_word' id='word_1_254' title='bbox 393 3067 620 3130; x_wconf 86' lang='lat' dir='ltr'><strong>demonstratur.</strong></span> <span class='ocrx_word' id='word_1_255' title='bbox 636 3064 713 3129; x_wconf 92' lang='lat' dir='ltr'><strong>Nam</strong></span> <span class='ocrx_word' id='word_1_256' title='bbox 729 3068 854 3130; x_wconf 80' lang='lat' dir='ltr'><strong>felicitas</strong></span> <span class='ocrx_word' id='word_1_257' title='bbox 870 3056 1050 3149; x_wconf 84' lang='lat' dir='ltr'><strong>temporalis,</strong></span> <span class='ocrx_word' id='word_1_258' title='bbox 1062 3070 1108 3133; x_wconf 94' lang='lat' dir='ltr'><strong>cui</strong></span> <span class='ocrx_word' id='word_1_259' title='bbox 1123 3070 1253 3133; x_wconf 89' lang='lat' dir='ltr'><strong>consulit</strong></span> 
     </span>
     <span class='ocr_line' id='line_1_30' title="bbox 79 3151 1250 3242; baseline 0.002 -16"><span class='ocrx_word' id='word_1_260' title='bbox 79 3161 183 3226; x_wconf 90' lang='lat' dir='ltr'><strong>Status</strong></span> <span class='ocrx_word' id='word_1_261' title='bbox 210 3163 360 3242; x_wconf 88' lang='lat' dir='ltr'><strong>politicus,</strong></span> <span class='ocrx_word' id='word_1_262' title='bbox 381 3151 490 3227; x_wconf 83' lang='lat' dir='ltr'><strong>¹natum</strong></span> <span class='ocrx_word' id='word_1_263' title='bbox 512 3180 566 3226; x_wconf 88' lang='lat' dir='ltr'><strong>sua</strong></span> <span class='ocrx_word' id='word_1_264' title='bbox 592 3164 784 3227; x_wconf 87' lang='lat' dir='ltr'><strong>subordinata</strong></span> <span class='ocrx_word' id='word_1_265' title='bbox 805 3174 850 3229; x_wconf 89' lang='lat' dir='ltr'><strong>est</strong></span> <span class='ocrx_word' id='word_1_266' title='bbox 871 3166 1004 3230; x_wconf 80' lang='lat' dir='ltr'><strong>felicitati</strong></span> <span class='ocrx_word' id='word_1_267' title='bbox 1032 3175 1178 3242; x_wconf 88' lang='lat' dir='ltr'><strong>aeternae,</strong></span> <span class='ocrx_word' id='word_1_268' title='bbox 1202 3167 1250 3231; x_wconf 87' lang='lat' dir='ltr'><strong>cui</strong></span> 
     </span>
     <span class='ocr_line' id='line_1_31' title="bbox 79 3258 1252 3340; baseline 0.002 -17"><span class='ocrx_word' id='word_1_269' title='bbox 79 3262 216 3339; x_wconf 86' lang='lat' dir='ltr'><strong>providet</strong></span> <span class='ocrx_word' id='word_1_270' title='bbox 235 3258 385 3337; x_wconf 89' lang='lat' dir='ltr'><strong>Ecclesia;</strong></span> <span class='ocrx_word' id='word_1_271' title='bbox 408 3262 553 3340; x_wconf 89' lang='lat' dir='ltr'><strong>siquidem</strong></span> <span class='ocrx_word' id='word_1_272' title='bbox 577 3260 636 3323; x_wconf 85' lang='lat' dir='ltr'><strong>rita</strong></span> <span class='ocrx_word' id='word_1_273' title='bbox 659 3276 797 3339; x_wconf 89' lang='lat' dir='ltr'><strong>praesens</strong></span> <span class='ocrx_word' id='word_1_274' title='bbox 818 3278 873 3326; x_wconf 90' lang='lat' dir='ltr'><strong>uon</strong></span> <span class='ocrx_word' id='word_1_275' title='bbox 897 3272 942 3326; x_wconf 88' lang='lat' dir='ltr'><strong>est</strong></span> <span class='ocrx_word' id='word_1_276' title='bbox 964 3264 1019 3326; x_wconf 91' lang='lat' dir='ltr'><strong>nisi</strong></span> <span class='ocrx_word' id='word_1_277' title='bbox 1041 3264 1169 3327; x_wconf 90' lang='lat' dir='ltr'><strong>medium</strong></span> <span class='ocrx_word' id='word_1_278' title='bbox 1191 3278 1252 3327; x_wconf 71' lang='lat' dir='ltr'><strong>res</strong></span> 
     </span>
     <span class='ocr_line' id='line_1_32' title="bbox 79 3358 1089 3441; baseline 0.004 -22"><span class='ocrx_word' id='word_1_279' title='bbox 79 3366 168 3435; x_wconf 91' lang='lat' dir='ltr'><strong>pectu</strong></span> <span class='ocrx_word' id='word_1_280' title='bbox 189 3358 268 3422; x_wconf 88' lang='lat' dir='ltr'><strong>ritae</strong></span> <span class='ocrx_word' id='word_1_281' title='bbox 292 3359 418 3433; x_wconf 83' lang='lat' dir='ltr'><strong>futurae,</strong></span> <span class='ocrx_word' id='word_1_282' title='bbox 439 3359 567 3421; x_wconf 91' lang='lat' dir='ltr'><strong>medium</strong></span> <span class='ocrx_word' id='word_1_283' title='bbox 590 3366 688 3422; x_wconf 86' lang='lat' dir='ltr'><strong>autem</strong></span> <span class='ocrx_word' id='word_1_284' title='bbox 712 3362 842 3438; x_wconf 89' lang='lat' dir='ltr'><strong>separari</strong></span> <span class='ocrx_word' id='word_1_285' title='bbox 863 3363 965 3441; x_wconf 90' lang='lat' dir='ltr'><strong>nequit</strong></span> <span class='ocrx_word' id='word_1_286' title='bbox 985 3378 1001 3424; x_wconf 93' lang='lat' dir='ltr'><strong>a</strong></span> <span class='ocrx_word' id='word_1_287' title='bbox 1024 3364 1089 3423; x_wconf 86' lang='lat' dir='ltr'><strong>line.</strong></span> 
     </span>
    </p>

    <p class='ocr_par' dir='ltr' id='par_1_7' title="bbox 76 3454 1253 3831">
     <span class='ocr_line' id='line_1_33' title="bbox 118 3454 1250 3536; baseline 0.003 -17"><span class='ocrx_word' id='word_1_288' title='bbox 118 3454 283 3531; x_wconf 87' lang='lat' dir='ltr'><strong>Praeterea,</strong></span> <span class='ocrx_word' id='word_1_289' title='bbox 298 3472 335 3521; x_wconf 87' lang='lat' dir='ltr'><strong>ex</strong></span> <span class='ocrx_word' id='word_1_290' title='bbox 355 3458 413 3519; x_wconf 89' lang='lat' dir='ltr'><strong>hac</strong></span> <span class='ocrx_word' id='word_1_291' title='bbox 433 3457 614 3535; x_wconf 89' lang='lat' dir='ltr'><strong>separatione</strong></span> <span class='ocrx_word' id='word_1_292' title='bbox 635 3458 770 3536; x_wconf 75' lang='lat' dir='ltr'><strong>frequens</strong></span> <span class='ocrx_word' id='word_1_293' title='bbox 795 3459 877 3522; x_wconf 90' lang='lat' dir='ltr'><strong>lucta</strong></span> <span class='ocrx_word' id='word_1_294' title='bbox 898 3466 927 3523; x_wconf 86' lang='lat' dir='ltr'><strong>et</strong></span> <span class='ocrx_word' id='word_1_295' title='bbox 948 3458 1123 3522; x_wconf 89' lang='lat' dir='ltr'><strong>coseientiae</strong></span> <span class='ocrx_word' id='word_1_296' title='bbox 1145 3458 1250 3522; x_wconf 88' lang='lat' dir='ltr'><strong>subdi·</strong></span> 
     </span>
     <span class='ocr_line' id='line_1_34' title="bbox 79 3549 1249 3633; baseline 0.003 -15"><span class='ocrx_word' id='word_1_297' title='bbox 79 3563 178 3619; x_wconf 92' lang='lat' dir='ltr'><strong>torum</strong></span> <span class='ocrx_word' id='word_1_298' title='bbox 199 3556 382 3633; x_wconf 87' lang='lat' dir='ltr'><strong>perturbatio</strong></span> <span class='ocrx_word' id='word_1_299' title='bbox 402 3556 538 3618; x_wconf 81' lang='lat' dir='ltr'><strong>oriretur.</strong></span> <span class='ocrx_word' id='word_1_300' title='bbox 560 3552 637 3617; x_wconf 89' lang='lat' dir='ltr'><strong>Nam</strong></span> <span class='ocrx_word' id='word_1_301' title='bbox 658 3549 725 3618; x_wconf 87' lang='lat' dir='ltr'><strong>curu</strong></span> <span class='ocrx_word' id='word_1_302' title='bbox 747 3558 850 3620; x_wconf 86' lang='lat' dir='ltr'><strong>eadem</strong></span> <span class='ocrx_word' id='word_1_303' title='bbox 872 3556 1029 3620; x_wconf 90' lang='lat' dir='ltr'><strong>multitudo</strong></span> <span class='ocrx_word' id='word_1_304' title='bbox 1050 3556 1181 3619; x_wconf 88' lang='lat' dir='ltr'><strong>subiecta</strong></span> <span class='ocrx_word' id='word_1_305' title='bbox 1208 3557 1249 3621; x_wconf 88' lang='lat' dir='ltr'><strong>sit</strong></span> 
     </span>
     <span class='ocr_line' id='line_1_35' title="bbox 78 3650 1250 3731; baseline 0.003 -16"><span class='ocrx_word' id='word_1_306' title='bbox 78 3650 232 3715; x_wconf 83' lang='lat' dir='ltr'><strong>Ecclesiae</strong></span> <span class='ocrx_word' id='word_1_307' title='bbox 251 3659 280 3714; x_wconf 94' lang='lat' dir='ltr'><strong>et</strong></span> <span class='ocrx_word' id='word_1_308' title='bbox 305 3652 443 3729; x_wconf 80' lang='lat' dir='ltr'><strong>potestati</strong></span> <span class='ocrx_word' id='word_1_309' title='bbox 464 3650 558 3725; x_wconf 90' lang='lat' dir='ltr'><strong>ciuili;</strong></span> <span class='ocrx_word' id='word_1_310' title='bbox 580 3654 607 3715; x_wconf 90' lang='lat' dir='ltr'><strong>si</strong></span> <span class='ocrx_word' id='word_1_311' title='bbox 629 3654 703 3716; x_wconf 91' lang='lat' dir='ltr'><strong>haec</strong></span> <span class='ocrx_word' id='word_1_312' title='bbox 723 3654 857 3731; x_wconf 87' lang='lat' dir='ltr'><strong>imperet,</strong></span> <span class='ocrx_word' id='word_1_313' title='bbox 879 3654 942 3717; x_wconf 93' lang='lat' dir='ltr'><strong>siue</strong></span> <span class='ocrx_word' id='word_1_314' title='bbox 969 3653 1028 3716; x_wconf 92' lang='lat' dir='ltr'><strong>ullu</strong></span> <span class='ocrx_word' id='word_1_315' title='bbox 1052 3662 1186 3731; x_wconf 89' lang='lat' dir='ltr'><strong>respectu</strong></span> <span class='ocrx_word' id='word_1_316' title='bbox 1212 3654 1250 3718; x_wconf 91' lang='lat' dir='ltr'><strong>ad</strong></span> 
     </span>
     <span class='ocr_line' id='line_1_36' title="bbox 76 3750 1253 3831; baseline 0.003 -19"><span class='ocrx_word' id='word_1_317' title='bbox 76 3750 263 3831; x_wconf 79' lang='lat' dir='ltr'><strong>legesillius,</strong></span> <span class='ocrx_word' id='word_1_318' title='bbox 279 3750 446 3829; x_wconf 82' lang='lat' dir='ltr'><strong>contingere</strong></span> <span class='ocrx_word' id='word_1_319' title='bbox 467 3750 574 3827; x_wconf 87' lang='lat' dir='ltr'><strong>poterit</strong></span> <span class='ocrx_word' id='word_1_320' title='bbox 588 3759 621 3812; x_wconf 95' lang='lat' dir='ltr'><strong>ut</strong></span> <span class='ocrx_word' id='word_1_321' title='bbox 642 3752 723 3812; x_wconf 92' lang='lat' dir='ltr'><strong>iussa</strong></span> <span class='ocrx_word' id='word_1_322' title='bbox 743 3751 840 3814; x_wconf 86' lang='lat' dir='ltr'><strong>civilia</strong></span> <span class='ocrx_word' id='word_1_323' title='bbox 863 3750 1064 3814; x_wconf 87' lang='lat' dir='ltr'><strong>contradicant</strong></span> <span class='ocrx_word' id='word_1_324' title='bbox 1085 3752 1177 3814; x_wconf 92' lang='lat' dir='ltr'><strong>iussis</strong></span> <span class='ocrx_word' id='word_1_325' title='bbox 1204 3768 1253 3816; x_wconf 90' lang='lat' dir='ltr'><strong>ec·</strong></span> 
     </span>
    </p>
   </div>
   <div class='ocr_carea' id='block_1_5' title="bbox 70 3942 1252 4315">
    <p class='ocr_par' dir='ltr' id='par_1_8' title="bbox 70 3942 1252 4315">
     <span class='ocr_line' id='line_1_37' title="bbox 127 3942 1251 4008; baseline 0.004 -14"><span class='ocrx_word' id='word_1_326' title='bbox 127 3946 163 4006; x_wconf 92' lang='grc'><strong>(1)</strong></span> <span class='ocrx_word' id='word_1_327' title='bbox 180 3945 300 3994; x_wconf 85' lang='lat' dir='ltr'><strong>ludlrizao</strong></span> <span class='ocrx_word' id='word_1_328' title='bbox 317 3950 465 4008; x_wconf 82' lang='lat' dir='ltr'><strong>presentato</strong></span> <span class='ocrx_word' id='word_1_329' title='bbox 482 3959 497 3991; x_wconf 84' lang='lat' dir='ltr'><strong>a</strong></span> <span class='ocrx_word' id='word_1_330' title='bbox 515 3944 566 3993; x_wconf 86' lang='lat' dir='ltr'><strong>Sua</strong></span> <span class='ocrx_word' id='word_1_331' title='bbox 584 3942 684 3993; x_wconf 80' lang='lat' dir='ltr'><strong>Saulild</strong></span> <span class='ocrx_word' id='word_1_332' title='bbox 699 3944 742 3992; x_wconf 89' lang='lat' dir='ltr'><strong>dai</strong></span> <span class='ocrx_word' id='word_1_333' title='bbox 756 3944 864 3994; x_wconf 80' lang='lat' dir='ltr'><strong>Vascovi</strong></span> <span class='ocrx_word' id='word_1_334' title='bbox 881 3946 990 4008; x_wconf 84' lang='lat' dir='ltr'><strong>presenti</strong></span> <span class='ocrx_word' id='word_1_335' title='bbox 1008 3944 1048 3994; x_wconf 85' lang='lat' dir='ltr'><strong>nel</strong></span> <span class='ocrx_word' id='word_1_336' title='bbox 1065 3945 1213 3997; x_wconf 86' lang='lat' dir='ltr'><strong>Concistoro</strong></span> <span class='ocrx_word' id='word_1_337' title='bbox 1225 3948 1251 3997; x_wconf 88' lang='lat' dir='ltr'><strong>iu</strong></span> 
     </span>
     <span class='ocr_line' id='line_1_38' title="bbox 77 4022 1252 4089; baseline 0.003 -14"><span class='ocrx_word' id='word_1_338' title='bbox 77 4027 163 4075; x_wconf 85' lang='lat' dir='ltr'><strong>Roma</strong></span> <span class='ocrx_word' id='word_1_339' title='bbox 178 4024 196 4073; x_wconf 92' lang='lat' dir='ltr'><strong>il</strong></span> <span class='ocrx_word' id='word_1_340' title='bbox 211 4024 269 4074; x_wconf 83' lang='lat' dir='ltr'><strong>dl9</strong></span> <span class='ocrx_word' id='word_1_341' title='bbox 286 4022 548 4089; x_wconf 76' lang='lat' dir='ltr'><strong>giugn01862‚Huic</strong></span> <span class='ocrx_word' id='word_1_342' title='bbox 568 4022 729 4073; x_wconf 84' lang='lat' dir='ltr'><strong>declarationi</strong></span> <span class='ocrx_word' id='word_1_343' title='bbox 751 4023 923 4079; x_wconf 72' lang='lat' dir='ltr'><strong>adhaeserunt</strong></span> <span class='ocrx_word' id='word_1_344' title='bbox 949 4032 1038 4089; x_wconf 86' lang='lat' dir='ltr'><strong>postea</strong></span> <span class='ocrx_word' id='word_1_345' title='bbox 1066 4027 1142 4075; x_wconf 88' lang='lat' dir='ltr'><strong>ceteri</strong></span> <span class='ocrx_word' id='word_1_346' title='bbox 1163 4042 1252 4079; x_wconf 87' lang='lat' dir='ltr'><strong>omnes</strong></span> 
     </span>
     <span class='ocr_line' id='line_1_39' title="bbox 77 4100 1251 4169; baseline 0.003 -16"><span class='ocrx_word' id='word_1_347' title='bbox 77 4104 196 4169; x_wconf 85' lang='lat' dir='ltr'><strong>Episcopi</strong></span> <span class='ocrx_word' id='word_1_348' title='bbox 213 4119 259 4167; x_wconf 82' lang='lat' dir='ltr'><strong>per</strong></span> <span class='ocrx_word' id='word_1_349' title='bbox 275 4104 365 4153; x_wconf 81' lang='lat' dir='ltr'><strong>orbem</strong></span> <span class='ocrx_word' id='word_1_350' title='bbox 382 4103 496 4167; x_wconf 82' lang='lat' dir='ltr'><strong>dispersi,</strong></span> <span class='ocrx_word' id='word_1_351' title='bbox 512 4100 576 4151; x_wconf 84' lang='lat' dir='ltr'><strong>Vide</strong></span> <span class='ocrx_word' id='word_1_352' title='bbox 594 4101 670 4151; x_wconf 81' lang='lat' dir='ltr'><strong>otiam</strong></span> <span class='ocrx_word' id='word_1_353' title='bbox 687 4101 787 4166; x_wconf 80' lang='lat' dir='ltr'><strong>insigne</strong></span> <span class='ocrx_word' id='word_1_354' title='bbox 799 4118 870 4167; x_wconf 83' lang='lat' dir='ltr'><strong>opus,</strong></span> <span class='ocrx_word' id='word_1_355' title='bbox 887 4104 927 4153; x_wconf 92' lang='lat' dir='ltr'><strong>cui</strong></span> <span class='ocrx_word' id='word_1_356' title='bbox 939 4104 1040 4155; x_wconf 85' lang='lat' dir='ltr'><strong>titulus:</strong></span> <span class='ocrx_word' id='word_1_357' title='bbox 1052 4107 1092 4155; x_wconf 88' lang='lat' dir='ltr'><strong>La</strong></span> <span class='ocrx_word' id='word_1_358' title='bbox 1105 4106 1251 4158; x_wconf 79' lang='lat' dir='ltr'><strong>Soorandta</strong></span> 
     </span>
     <span class='ocr_line' id='line_1_40' title="bbox 70 4182 1252 4250; baseline 0.008 -21"><span class='ocrx_word' id='word_1_359' title='bbox 70 4187 227 4247; x_wconf 20' lang='lat' dir='ltr'><strong>,temporale</strong></span> <span class='ocrx_word' id='word_1_360' title='bbox 241 4184 286 4233; x_wconf 80' lang='lat' dir='ltr'><strong>dei</strong></span> <span class='ocrx_word' id='word_1_361' title='bbox 301 4184 380 4246; x_wconf 77' lang='lat' dir='ltr'><strong>Papi,</strong></span> <span class='ocrx_word' id='word_1_362' title='bbox 395 4189 571 4246; x_wconf 79' lang='lat' dir='ltr'><strong>propuqnata</strong></span> <span class='ocrx_word' id='word_1_363' title='bbox 591 4182 727 4231; x_wconf 79' lang='lat' dir='ltr'><strong>nallosao</strong></span> <span class='ocrx_word' id='word_1_364' title='bbox 743 4183 873 4246; x_wconf 79' lang='lat' dir='ltr'><strong>inteqra&#39;ta</strong></span> <span class='ocrx_word' id='word_1_365' title='bbox 889 4184 937 4233; x_wconf 84' lang='lat' dir='ltr'><strong>dal</strong></span> <span class='ocrx_word' id='word_1_366' title='bbox 946 4186 1081 4250; x_wconf 79' lang='lat' dir='ltr'><strong>saffraqio</strong></span> <span class='ocrx_word' id='word_1_367' title='bbox 1097 4188 1252 4238; x_wconf 81' lang='lat' dir='ltr'><strong>universale</strong></span> 
     </span>
     <span class='ocr_line' id='line_1_41' title="bbox 76 4263 371 4315; baseline -0.003 -1"><span class='ocrx_word' id='word_1_368' title='bbox 76 4264 218 4315; x_wconf 79' lang='lat' dir='ltr'><strong>dcll&#39;Orlre</strong></span> <span class='ocrx_word' id='word_1_369' title='bbox 237 4263 371 4313; x_wconf 81' lang='lat' dir='ltr'><strong>Cattola&#39;co.</strong></span> 
     </span>
    </p>
   </div>
   <div class='ocr_carea' id='block_1_6' title="bbox 0 0 1585 4934">
    <p class='ocr_par' dir='ltr' id='par_1_9' title="bbox 0 0 1585 4934">
     <span class='ocr_line' id='line_1_42' title="bbox 0 0 1585 4934; baseline 0 0"><span class='ocrx_word' id='word_1_370' title='bbox 0 0 1585 4934; x_wconf 95' lang='lat' dir='ltr'><strong> </strong></span> 
     </span>
    </p>
   </div>
  </div>
 </body>
</html>
