3159 4934
299 307 350 363 190
426 331 429 342 ·
616 317 1151 361 rusuuruuru-runsvt.1ussomaun

297 437 444 510 quatenus
462 443 616 494 commune
635 439 693 504 est,
713 429 876 504 intendant,
895 430 1058 509 eidemque,
1081 438 1167 508 prout
1187 431 1216 493 in
1237 446 1338 494 omues
1358 428 1476 492 redun-

297 529 367 591 dare
388 529 483 606 debet,
498 526 713 605 conspiratione
734 534 837 589 mutua
851 535 1015 606 operentur.
1031 524 1129 601 Quare
1149 527 1214 604 ipsa
1234 527 1392 590 multitudo
1418 541 1476 588 eu-

298 627 371 689 tium
387 625 498 688 natione
518 625 718 704 praeditorum
734 639 785 702 per
806 641 838 687 se
852 625 965 688 nonnisi
981 633 1094 703 partem
1108 624 1289 688 materialem
1312 623 1473 687 societatis

297 723 483 802 suppeditat;
498 721 550 785 sed
566 737 635 799 pars
647 722 780 785 formalis
795 738 851 785 uon
865 722 982 785 aliunde
1002 722 1139 797 habetur,
1153 723 1209 785 nisi
1223 737 1261 785 ex
1276 721 1474 786 consensione

296 821 482 884 voluntatum
502 827 531 882 et
552 820 715 882 mediorum
736 821 765 882 in
787 820 922 883 eumdem
944 822 1032 883 tinem
1053 820 1294 898 conspirantium.

336 918 469 982 lamvero
489 934 564 996 quae
584 925 653 980 suut
673 917 710 980 ad
730 916 851 997 aliquid,
873 923 905 979 ut
926 934 972 980 ex.
994 934 1039 996 gr.
1061 925 1167 994 motus,
1188 935 1207 980 a
1228 917 1361 991 termino,
1375 933 1474 996 quem

297 1026 441 1096 spectant,
462 1018 693 1081 determinantur
710 1025 771 1081 tum
793 1016 892 1096 quoad
909 1026 1056 1092 naturam,
1070 1025 1133 1082 tum
1148 1017 1245 1096 quoad
1266 1034 1300 1081 ea
1321 1032 1394 1096 quae
1420 1034 1480 1080 na·

299 1103 395 1179 turam
411 1125 637 1194 consequuntur.
653 1114 784 1180 Societas
805 1118 905 1196 igitur,
921 1132 1006 1195 quac,
1021 1124 1081 1180 tota
1096 1124 1207 1194 quanta
1221 1127 1276 1190 est,
1289 1123 1335 1180 est
1348 1124 1478 1194 propter

300 1218 387 1277 tinem
410 1213 566 1292 (siquidem
587 1215 721 1278 utimum
743 1214 871 1293 aliquem
886 1215 1015 1279 obtineat
1035 1214 1200 1276 instituitur
1213 1223 1244 1277 et
1258 1214 1476 1291 conservatur),

298 1329 314 1374 a
330 1314 397 1386 fine,
413 1313 516 1390 procul
531 1313 630 1387 dubio,
645 1313 750 1391 recipit
763 1313 891 1390 speeiem
905 1322 936 1375 et
950 1312 1212 1375 denominationem
1227 1319 1256 1375 et
1273 1313 1338 1374 iura
1359 1314 1475 1390 quibus

297 1411 463 1473 instruitur.
478 1407 524 1474 Ob
538 1411 616 1502 hauc
636 1412 778 1474 rationem
794 1411 861 1473 linis
876 1410 935 1474 dici
948 1412 1037 1473 etiam
1053 1413 1127 1474 solet
1148 1413 1241 1474 torma
1257 1412 1427 1485 societatis;
1441 1421 1474 1474 at

297 1510 389 1572 torma
411 1510 576 1572 extrinseca
597 1525 653 1572 nun
672 1509 844 1582 intrinseca3
860 1523 928 1571 nam
943 1509 1035 1572 torma
1053 1511 1212 1573 intrinseca
1230 1516 1274 1572 est
1295 1511 1472 1584 auctoritas,

297 1621 373 1685 quae
395 1622 452 1668 uua
474 1622 541 1668 eum
563 1606 752 1669 multitudine
774 1606 944 1670 societatem
966 1606 997 1669 in
1019 1607 1135 1686 proprio
1156 1625 1222 1670 esse
1243 1607 1410 1670 coustituit.

256 1736 258 1741 ·
337 1703 383 1768 Eu
404 1705 492 1766 dictis
513 1711 646 1782 apparet,
667 1705 818 1767 societatis
839 1705 1060 1774 tundamentum
1082 1707 1199 1783 proprie
1219 1707 1249 1767 iu
1262 1713 1369 1768 mutua
1384 1706 1474 1769 bene·

298 1801 422 1866 volentia
444 1801 590 1864 sociorum
605 1801 714 1879 reponi.
731 1799 808 1864 Nam
830 1803 963 1881 societas,
979 1818 1182 1880 quaecumque
1196 1805 1245 1876 sit,
1260 1805 1318 1866 hoo
1340 1805 1470 1868 mamme

298 1900 423 1977 perficit,
445 1906 478 1961 ut
505 1901 667 1973 confirmet,
689 1909 718 1962 et
745 1901 906 1978 generatim
936 1899 984 1962 vel
1010 1900 1209 1978 particulatim
1238 1901 1410 1963 determinet
1435 1911 1468 1963 et

298 1999 328 2059 in
349 1997 526 2075 quibusdam
541 1999 629 2060 etiam
648 2007 755 2076 augeat
775 1997 961 2077 explicetque
977 1998 1143 2072 relationes,
1157 1999 1265 2077 quibus
1286 2006 1387 2061 natura
1406 2013 1465 2060 sua

298 2094 511 2170 homohomini
521 2095 705 2158 devincitur.
721 2093 785 2158 Hae
806 2111 875 2158 veno
890 2096 1054 2170 relationes,
1069 2096 1107 2157 ad
1128 2095 1293 2175 generalem
1311 2095 1465 2159 formulam

299 2193 444 2266 redactae,
464 2193 523 2254 lruc
545 2200 728 2266 revocantur,
749 2201 782 2254 ut
806 2193 933 2271 quisque
960 2193 1036 2256 alios
1056 2194 1180 2272 diligere
1209 2201 1354 2268 teneatur,
1372 2195 1468 2272 iisque

299 2291 370 2354 velit
390 2291 466 2354 idem
488 2291 606 2369 bonum,
627 2290 707 2368 quod
727 2291 841 2369 appetit
860 2291 926 2354 sibi.
948 2289 1025 2354 Huic
1045 2307 1116 2370 ergo
1138 2291 1295 2355 iunctionis
1319 2293 1470 2355 humanae

296 2390 486 2452 fundamento
505 2387 674 2452 societatem
690 2389 856 2468 superstrui
870 2405 990 2452 necesse
1009 2397 1064 2464 est,
1078 2391 1136 2453 nisi
1157 2392 1187 2452 in
1208 2407 1241 2452 ea
1263 2391 1472 2453 constituenda

298 2487 369 2551 ordo
390 2495 513 2549 naturae
533 2494 691 2548 evertatur.

263 2627 266 2634 -
338 2583 412 2647 Cum
433 2587 531 2660 homo,
554 2590 586 2646 ut
610 2585 640 2646 in
661 2581 866 2662 Metaphysica
891 2592 1042 2648 ostensum
1065 2594 1120 2659 est,
1141 2584 1180 2647 sit
1200 2583 1277 2663 finis
1297 2585 1328 2647 in
1349 2586 1472 2658 mundo,

297 2684 394 2762 quoad
416 2685 572 2747 utilitatem
595 2683 767 2761 capiendam
788 2699 824 2745 ex
846 2684 935 2746 rebus
951 2685 1067 2758 creatis,
1089 2692 1119 2746 et
1138 2683 1218 2746 nullo
1235 2684 1323 2746 modo
1337 2685 1474 2748 converti

299 2782 393 2860 possit
410 2782 440 2842 in
453 2779 605 2856 medium
619 2781 713 2843 oritur
727 2781 798 2843 hine
812 2787 845 2843 nt
866 2783 1001 2860 societas,
1015 2782 1158 2844 rationem
1172 2778 1281 2846 habeat
1301 2781 1398 2845 medii
1413 2799 1473 2847 uon

297 2876 374 2956 fiais
397 2887 531 2956 respectu
546 2880 701 2942 sociorum.
719 2876 850 2941 Societas
864 2879 942 2941 euim
956 2879 1068 2943 idcirco
1085 2880 1246 2942 intenditur
1266 2896 1283 2942 a
1305 2889 1423 2956 natura,
1439 2890 1475 2944 nt

299 2974 434 3053 suppleat
448 2975 592 3038 delectum
615 2975 722 3039 virium
737 2975 931 3055 singulorum,
945 2977 997 3054 qui
1011 2993 1144 3040 seorsum
1165 2994 1252 3057 aegre
1266 2985 1296 3040 et
1310 2979 1475 3042 difficulter

297 3079 524 3151 assequerentur
550 3074 648 3147 tinem,
669 3073 707 3135 ad
734 3089 822 3151 quem
851 3073 977 3136 ordinati
1004 3082 1082 3138 sunt.
1106 3073 1183 3138 Non
1202 3080 1249 3138 est
1269 3074 1384 3138 bouum
1405 3095 1475 3140 esse

297 3167 451 3234 homiuem
471 3169 588 3246 solum
602 3170 760 3248 faciamus
775 3173 803 3234 ei
822 3170 1015 3234 adiutorium
1029 3171 1132 3235 simile
1153 3172 1215 3236 sibi
1227 3173 1278 3254 (l).
1299 3172 1335 3238 ld
1355 3175 1474 3238 dietum

297 3286 315 3330 a
335 3267 398 3333 Deo
418 3268 455 3330 de
475 3268 613 3330 societate
634 3268 791 3347 coniugali,
807 3268 871 3332 iure
891 3269 1016 3348 intelligi
1039 3278 1136 3348 potest
1155 3271 1192 3334 de
1212 3288 1401 3352 quacumque
1422 3289 1474 3336 so·

297 3369 402 3432 cietate
430 3367 600 3446 generatim.
622 3365 752 3430 Societas
780 3369 881 3446 igitur,
907 3384 1099 3446 quaeeunque
1128 3371 1177 3444 sit,
1208 3386 1324 3448 semper
1353 3378 1475 3449 spectat

297 3470 405 3532 bouum
433 3467 591 3540 sociorum,
611 3467 649 3528 ad
677 3467 834 3545 ipsumque
854 3467 1024 3531 immediate
1046 3467 1092 3530 vel
1120 3468 1248 3530 mediato
1275 3468 1473 3532 obtinendum

297 3567 422 3646 dirigere
441 3566 528 3628 dehet
541 3565 686 3642 quidquid
706 3565 770 3644 agit
790 3564 837 3627 vel
858 3566 1017 3628 constituit.
1040 3563 1104 3628 Hoc
1128 3575 1223 3629 tamen
1244 3565 1472 3645 intelligendum

296 3672 341 3727 est
355 3665 390 3727 de
412 3663 501 3726 sociis
514 3679 571 3726 non
585 3678 637 3741 per
651 3678 683 3726 se
697 3663 859 3740 separatim
880 3665 1023 3741 acceptis,
1041 3664 1093 3725 sed
1115 3671 1202 3742 prout
1223 3667 1471 3729 communitatem

297 3763 460 3837 efformant,
481 3763 522 3824 ita
544 3769 578 3824 ut
598 3763 707 3824 bonum
729 3760 807 3839 quod
833 3771 1017 3839 procuratur,
1040 3761 1137 3840 aliquo
1166 3773 1252 3842 pacto
1274 3763 1418 3828 redundet
1442 3768 1473 3828 iu

301 3874 408 3924 omues,

338 3954 414 4020 Hinc
435 3959 592 4022 discrimen
612 3957 717 4032 elucet,
738 3958 819 4037 quod
839 3957 914 4020 iuter
935 3959 1104 4022 societatem
1134 3965 1164 4022 et
1191 3959 1402 4038 proprietatem
1423 3962 1475 4024 in-

298 4053 430 4116 tercedit.
452 4053 528 4118 Nam
550 4059 647 4132 homo,
669 4057 698 4120 vi
720 4056 919 4149 proprietatis,
941 4072 988 4120 res
1008 4057 1066 4119 silui
1087 4057 1214 4122 devincit
1237 4067 1357 4138 propter
1381 4076 1472 4123 suam

345 4267 384 4330 (l)
402 4265 515 4320 Genesis,
532 4269 561 4326 ΙΙ,
577 4269 615 4319 18.
