3159 4934
324 317 377 371 ull
653 329 694 371 tus
712 329 857 370 narraru-
871 327 938 370 rans
955 328 980 369 u.
999 326 1043 370 rus
1059 327 1165 368 socrttn

324 443 388 520 ipso
401 458 455 522 pro
470 443 544 506 bono
558 443 704 524 communi
719 450 749 504 et
770 441 871 505 ordine
888 439 990 504 sociali
1011 442 1155 514 feruntur,
1168 441 1372 518 obtemperare
1393 449 1498 506 tenen·

324 551 380 602 tur.
395 539 427 604 ln
442 527 919 630 ὴόόιῑπῖῐῆῑιῇιειιιριῑῤ-ιῐιᾶἇ
931 530 1102 603 auctoritati
1116 539 1312 603 obedientiam
1329 548 1495 618 praestant,

320 644 351 701 et
371 637 503 717 legitimo
525 638 650 716 principi
673 653 782 700 morem
806 646 921 716 gerum,
942 635 994 716 qni
1015 630 1094 700 certe
1113 636 1143 698 id
1164 637 1237 700 velle
1259 639 1412 715 putandus
1440 647 1497 701 est.

362 733 504 814 Denique,
519 735 545 798 si
558 745 699 797 annorum
722 735 852 798 decursu
867 750 958 798 novus
978 734 1165 798 auctoritatis
1180 750 1332 811 possessor
1346 736 1389 798 ita
1406 737 1499 800 obiic-

322 842 428 908 metm,
449 841 500 896 aut
522 847 591 895 cum
620 832 695 896 bono
722 839 752 894 et
780 832 992 910 tranquillitate
1018 831 1136 909 publica
1164 833 1208 895 sio
1235 839 1445 908 connectatur,
1467 845 1499 895 ut

323 931 464 1009 pristinus
489 930 560 993 ordo
588 929 781 1008 redintegrari
810 938 945 1008 nequent,
967 929 1029 992 sine
1057 930 1275 1007 perturbatione
1304 931 1442 994 maxima
1468 940 1497 994 et

322 1027 456 1106 periculo
477 1027 583 1089 salutis
604 1027 753 1104 publicam
774 1028 832 1090 hoc
851 1029 917 1104 ipso
938 1026 1088 1106 legitimus
1108 1027 1217 1106 evadit,
1232 1035 1262 1090 et
1275 1027 1351 1091 nibil
1372 1030 1416 1092 ad
1430 1046 1495 1092 eum

322 1127 359 1189 de
374 1125 447 1188 solio
460 1125 678 1187 deturbandnm
700 1123 797 1187 molini
817 1125 862 1186 las
882 1132 935 1186 est.
958 1123 990 1188 ln
1011 1126 1067 1188 boc
1091 1125 1169 1187 euim
1194 1141 1284 1187 sensu
1311 1141 1421 1188 verum
1451 1135 1495 1188 est

323 1225 460 1286 allatum:
483 1219 580 1286 Salus
599 1220 725 1301 publica
745 1239 891 1300 supremo
912 1219 980 1298 iem·
1001 1224 1049 1286 cui
1063 1238 1120 1285 non
1134 1222 1227 1285 solum
1247 1223 1373 1301 subditi,
1388 1239 1496 1287 verum

323 1321 413 1384 etiam
440 1320 586 1398 principes
616 1320 841 1384 accommodare
862 1335 895 1382 se
916 1320 1032 1393 debent,
1047 1335 1083 1382 ne
1105 1321 1212 1382 bonnm
1240 1321 1396 1397 privatum
1424 1322 1498 1384 bono

325 1417 443 1497 publico
469 1426 671 1496 anteponatur.
693 1416 756 1481 Nec
777 1433 849 1482 vero
869 1418 1051 1480 contrarium
1076 1417 1150 1481 relle
1176 1417 1325 1496 antiquior
1356 1419 1496 1498 princeps

324 1517 472 1594 praesumi
488 1523 597 1592 potest;
620 1532 683 1589 nec,
698 1517 725 1578 si
739 1515 838 1589 vellet,
858 1515 1024 1579 audiendus
1044 1523 1130 1596 esset,
1146 1522 1247 1594 utpote
1260 1516 1312 1593 qui
1334 1531 1423 1578 suam
1441 1532 1495 1578 non

323 1614 423 1693 populi
446 1613 601 1675 utilitatem
623 1619 788 1690 quaereret.

362 1709 410 1775 79.
434 1709 478 1776 dn
502 1707 596 1777 liceat
618 1706 750 1795 erinoipi
771 1707 931 1776 abdicate.
953 1709 1061 1786 Quaeri
1082 1713 1139 1774 hoe
1161 1711 1226 1774 loco
1248 1719 1349 1789 posset
1370 1729 1409 1774 an
1432 1713 1495 1773 iure

321 1818 351 1873 et
371 1826 439 1873 cnm
461 1809 547 1870 laude
568 1807 726 1887 aliquando
745 1823 883 1887 suprema
898 1817 1029 1887 potestas
1049 1825 1068 1871 a
1088 1809 1219 1887 legitimo
1241 1809 1374 1886 principe
1387 1815 1495 1886 sponte

321 1907 452 1970 abdicari
466 1913 564 1985 queat.
582 1903 768 1969 Contrarium
783 1907 862 1968 enim
876 1906 976 1969 docuit
990 1905 1228 1979 uurtamncuius,
1242 1907 1390 1984 inquiens:
1407 1903 1499 1985 Repu·

322 2002 514 2066 moriendum
538 2021 605 2066 esse
625 2005 660 2065 eit
675 2003 807 2084 proprio
829 2001 947 2079 throno,
968 2008 1000 2066 et
1023 2002 1148 2084 siquem
1172 2002 1283 2066 obiecti
1302 2002 1396 2065 animi
1421 2019 1495 2062 esse

322 2119 360 2162 oc
379 2095 469 2161 ootde
482 2096 629 2161 dedecens
645 2100 838 2163 maiestatem
855 2101 1021 2180 princtpis,
1036 2118 1070 2163 se
1081 2100 1212 2180 propria
1226 2099 1407 2162 auctoritaie
1418 2099 1495 2177 pri-

322 2213 397 2260 ocre
410 2195 462 2276 (l).
484 2193 565 2269 Quae
587 2199 730 2259 sententia
745 2199 889 2260 mirabilis
904 2214 974 2260 sane
987 2205 1041 2276 est,
1055 2206 1086 2261 et
1105 2201 1214 2276 quibus
1235 2196 1416 2278 argumentis
1436 2196 1498 2258 lul-

297 2297 418 2359 ocintnr
438 2311 625 2373 nequaquam
646 2303 778 2373 apparet.
801 2293 889 2369 Nam,
909 2304 1031 2374 excepta
1060 2295 1218 2378 hypothesi
1240 2295 1317 2373 quod
1343 2295 1496 2358 eiusmodi

322 2393 472 2457 abdicatio
493 2393 523 2453 in
545 2409 684 2472 magnum
706 2392 886 2471 reipublicae
907 2385 1046 2454 damnum
1067 2393 1152 2455 cedat
1168 2385 1262 2473 (quod
1278 2393 1410 2470 prolecto
1429 2408 1496 2454 raro

322 2491 459 2570 accidit);
479 2489 559 2553 nulla
581 2491 656 2554 ratio
677 2492 775 2553 alierri
798 2499 894 2568 potest
914 2505 968 2552 our
988 2489 1124 2568 princeps
1144 2490 1262 2551 omnino
1290 2489 1497 2567 adstringatur

322 2589 360 2652 ad
382 2594 496 2652 tantum
517 2575 591 2652 onus
612 2588 806 2650 retinendum.
828 2586 924 2661 Certe,
938 2587 1124 2650 risubonnm
1145 2586 1295 2663 publicum
1309 2585 1497 2657 adversetur,

322 2687 391 2749 licet
412 2685 539 2749 subditis
559 2687 621 2750 siue
641 2685 784 2748 dedecore
806 2702 838 2748 se
859 2685 1038 2762 magistratu
1056 2684 1203 2747 abdicare.
1218 2681 1325 2757 Quidni
1339 2683 1498 2745 consimile

324 2784 371 2845 ius
394 2783 518 2862 principi
539 2784 709 2860 competat?
731 2780 811 2844 Num
834 2783 976 2860 principis
997 2782 1125 2845 conditio
1153 2782 1183 2844 in
1205 2799 1261 2844 usn
1281 2780 1434 2844 libertatis
1456 2784 1498 2843 in-

323 2881 411 2942 ferior
431 2879 574 2942 censenda
595 2881 651 2941 erit
672 2881 836 2944 conditione
860 2880 1063 2942 subditorum?
1080 2878 1182 2957 Immo,
1204 2880 1230 2940 si
1252 2879 1326 2942 bono
1339 2878 1496 2942 societatis

324 2975 395 3038 nibil
418 2976 609 3052 periclitante,
631 2978 768 3056 princeps
790 2979 874 3056 regni
902 2993 1005 3040 curam
1032 2984 1062 3039 et
1089 2979 1240 3050 honorem,
1260 2977 1309 3055 qni
1339 2983 1497 3056 tantopere

323 3072 429 3136 ambiri
451 3073 535 3146 solet,
557 3075 685 3152 deponit,
706 3084 739 3138 ut
763 3074 902 3139 altiorum
932 3075 1075 3137 virtutum
1103 3075 1242 3137 exercitio
1269 3090 1302 3136 se
1328 3074 1440 3148 dedat;
1467 3077 1496 3137 id

324 3172 422 3251 magni
443 3171 533 3234 animi
554 3179 584 3235 et
604 3172 773 3237 excellentis
796 3173 935 3236 indicium
957 3181 1011 3234 est.
1028 3159 1227 3235 *Potissimum
1249 3186 1319 3235 vero
1342 3172 1373 3234 id
1391 3171 1497 3235 locum

323 3271 422 3344 babet,
437 3271 463 3332 si
484 3269 554 3332 talis
569 3271 716 3334 abdicatio
730 3273 768 3334 ab
781 3271 844 3348 ipsa
859 3269 980 3349 publica
994 3269 1168 3360 llffifflsssst
1182 3285 1253 3347 pace
1268 3268 1495 3348 persuadeatur.

323 3369 365 3430 At
385 3369 416 3430 in
437 3384 477 3444 re,
492 3383 569 3446 quae
583 3367 656 3430 adeo
673 3384 723 3445 per
737 3384 769 3431 so
790 3368 892 3443 claret,
910 3376 1026 3445 tempus
1039 3369 1150 3431 lrustra
1164 3355 1312 3430 insumere
1326 3382 1383 3429 non
1396 3368 1497 3430 iurat.

363 3465 462 3528 Aliam
486 3466 583 3541 potius
605 3465 723 3528 innuam
745 3465 989 3529 controversiam:
1012 3473 1110 3528 utrum
1135 3480 1192 3527 uon
1220 3465 1307 3528 modo
1333 3466 1437 3543 quoad
1459 3483 1499 3536 se,

323 3565 375 3627 sed
390 3563 479 3626 etiam
493 3563 591 3641 quoad
606 3562 691 3636 filios,
702 3563 753 3641 qui
769 3565 937 3626 successuri
952 3570 1056 3641 essent,
1068 3562 1206 3641 princeps
1220 3563 1359 3626 abdicare
1371 3578 1496 3642 regnum

324 3660 426 3736 possit.
450 3657 550 3723 Vattel
571 3661 701 3723 affirmat
732 3660 829 3722 omnia
850 3661 880 3727 in
901 3661 958 3723 bae
987 3677 1057 3722 rea
1080 3660 1178 3737 populi
1201 3661 1350 3724 voluntate
1380 3667 1496 3723 tanturn

324 3759 448 3834 pendere
464 3756 514 3836 (i).
537 3757 594 3822 Sed
615 3761 690 3822 haec
712 3760 854 3822 sententia
882 3775 919 3822 ex
939 3775 1037 3823 errore
1059 3761 1138 3838 pacti
1162 3759 1291 3835 socialis,
1312 3756 1498 3838 quo'auctor

324 3846 463 3929 inlicitur,
484 3865 581 3919 ortum
603 3857 694 3920 ducit.
716 3855 838 3921 Grotius
864 3857 983 3920 meliora
1011 3859 1135 3934 prolert;
1166 3859 1209 3920 sio
1237 3858 1395 3920 enimait:
1421 3881 1440 3916 ‹
1455 3857 1499 3922 Si·

325 3952 403 4014 milis
423 3963 467 4016 est
488 3955 622 4032 quaestio
643 3970 680 4017 an
702 3955 832 4018 abdicari
854 3955 950 4033 possit
977 3970 1099 4033 regnum
1121 3963 1171 4018 aut
1196 3954 1244 4017 ius
1268 3955 1448 4019 succedendi
1469 3957 1501 4016 in

372 4195 407 4258 (l)
424 4195 564 4260 Principes
579 4200 611 4248 de
626 4201 713 4248 Ducit.
730 4209 785 4249 not.
802 4209 828 4250 et
841 4201 904 4263 pol..
921 4200 935 4249 l.
951 4200 975 4261 ἲ,
992 4216 1014 4264 p.
1033 4199 1054 4260 l,
1071 4201 1110 4250 ch.
1126 4201 1148 4249 t.

345 4295 347 4301 ¹
372 4273 407 4336 (2)
425 4275 465 4324 Le
477 4278 549 4327 droit
566 4280 609 4326 des
623 4293 696 4342 qens,
714 4287 731 4330 t.
749 4281 770 4339 l,
788 4280 802 4329 l.
818 4281 836 4339 i,
853 4281 892 4351 cli.
911 4280 941 4330 V.
