3159 4934
272 306 317 394 v‘l8
615 378 619 384 Ἴ
796 318 931 361 3333333

281 432 371 494 dictis
391 432 488 511 colligi
511 437 616 509 potest,
632 438 701 493 sunt
721 432 806 505 ratio,
827 431 962 494 voluntas
983 440 1012 495 et
1033 432 1214 515 sensibilitas
1235 437 1447 521 irrepentem

134 555 136 558 ·
241 609 243 614 ⁴
282 538 345 592 turn
356 530 614 608 concupiscibilem
628 538 689 591 tum
700 528 889 592 irascibilem.
902 528 1035 602 Quatuor
1049 531 1140 608 igitur
1152 540 1307 610 emergunt
1321 533 1447 595 virtutes

283 627 449 705 primitivae
469 634 497 689 et
512 627 661 705 capitales
683 627 819 689 videlicet
837 625 1017 706 prodentia,
1038 627 1172 704 iustitio,
1196 630 1400 707 temperantia
1418 637 1449 692 et

282 722 349 801 fort
335 724 444 801 titudo,
466 725 504 787 ad
526 741 600 803 quas
625 732 739 786 ceterae
760 726 884 786 virtutes
906 725 1059 787 morales
1051 742 1080 787 vn
1107 742 1161 787 suo
1187 740 1322 839 quaeque
1347 724 1448 790 ordine

285 824 474 886 reducuntur.

322 920 402 984 Idem
416 920 570 997 evincitur,
586 921 612 981 si
625 935 662 983 ex
676 920 808 983 subiecto
822 920 1085 983 considerationem
1100 920 1302 983 transferimus
1317 921 1354 983 ad
1369 921 1449 985 obie-

284 1025 375 1081 ctum.
392 1017 469 1081 Nam
483 1018 834 1094 bouumalinniscirca
849 1018 927 1096 quod
943 1019 1039 1081 virtus
1055 1027 1200 1092 versatur,
1211 1019 1338 1095 spectari
1354 1026 1450 1095 potest

283 1118 330 1180 vel
350 1122 485 1194 respectu
507 1116 601 1193 ipsius
621 1116 837 1195 ordinisque
859 1117 970 1180 ratione
992 1115 1132 1193 procedit,
1147 1115 1192 1178 vel
1206 1122 1341 1193 respectu
1355 1122 1449 1179 mate-

233 1254 236 1260 ·
281 1215 351 1287 riae,
366 1213 413 1276 cui
429 1213 501 1275 ordo
515 1213 567 1276 ille
580 1213 749 1292 imponitur,
770 1221 801 1276 et
815 1230 890 1292 quae
903 1214 1038 1299 consistit
1053 1214 1098 1276 vel
1111 1214 1141 1275 in
1156 1214 1385 1304 ,pemmonis
1399 1230 1449 1277 “³⁵

281 1315 441 1377 exteriores
458 1315 683 1393 respicientibus
704 1315 865 1377 secundum
887 1315 1178 1378 communicationem
1195 1317 1339 1377 humanae
1360 1314 1449 1387 vitae,

281 1411 326 1474 vel
347 1412 377 1473 in
398 1412 590 1489 passionibus
611 1413 817 1491 temperandis
832 1428 867 1474 ne
882 1413 951 1490 luga
965 1412 1034 1475 mali
1046 1419 1098 1474 aut
1121 1411 1259 1489 cu'pidine
1274 1412 1340 1475 boui
1355 1411 1451 1473 dicta·

280 1525 347 1572 men
369 1512 490 1573 rationis
512 1510 683 1588 impediant.
699 1533 717 1567 ‹
731 1508 880 1572 Numerus
905 1510 1082 1588 aliquorum,
1097 1508 1184 1573 sioS.
1199 1506 1338 1583 Tbomas,
1352 1507 1450 1585 accipi

281 1615 377 1685 potest
404 1608 449 1670 vel
479 1608 642 1670 secundum
671 1608 814 1704 principia
840 1608 972 1670 lormalia
998 1616 1049 1669 aut
1070 1607 1228 1669 secundum
1251 1607 1410 1698 subiecta;
1418 1614 1450 1669 et

280 1713 405 1784 utroque
418 1705 526 1768 modo
517 1705 705 1768 inveniuntur
719 1697 1022 1785 quatuorctsriss‘rlales
1034 1707 1164 1768 virtutes.
1178 1680 1410 1782 Principium
1370 1706 1450 1767 enim

282 1803 403 1865 formale
431 1803 561 1877 virtutiS,
585 1804 621 1865 de
646 1820 704 1881 qua
730 1819 807 1867 nunc
834 1802 991 1882 loquimur,
1012 1812 1056 1867 est
1081 1804 1202 1866 rationis
1226 1804 1349 1876 bonum;
1369 1804 1451 1881 quod

280 1900 401 1977 quidem
422 1900 579 1978 dupliciter
600 1908 695 1978 potest
715 1887 903 1964 considerari.
929 1898 993 1964 Uno
1017 1900 1114 1974 modo,
1136 1900 1309 1985 secundum
1318 1899 1427 1989 quod
1418 1916 1451 1961 rn

280 1997 345 2075 ipsa
359 1997 590 2083 consideratione
605 1998 728 2061 rationis
741 1999 885 2073 consistit,
899 2006 928 2061 et
946 2000 989 2062 333
1002 2000 1059 2061 3333
1079 2014 1136 2062 una
1159 2001 1253 2061 virtus
1268 1997 1452 2076 principalis

280 2108 356 2171 quac
376 2094 485 2157 dicitur
474 2071 756 2173 3333333333
771 2097 867 2171 modo,
889 2099 1050 2161 secundum
1073 2098 1151 2176 quod
1172 2098 1250 2161 circa
1271 2098 1383 2177 aliquid
1398 2113 1452 2175 po·

280 2195 359 2256 nitur
380 2196 502 2258 rationis
529 2197 611 2275 ordo,
624 2204 654 2259 et
668 2198 725 2259 boo
740 2197 843 2261 velcir
845 2198 1060 2281 cpaoeratione
1063 2214 1087 2276 s,
1101 2206 1132 2261 ct
1145 2197 1188 2261 sic
1202 2206 1248 2261 cst
1261 2198 1387 2285 iustitia;
1402 2197 1452 2261 vel

280 2294 359 2356 33333
382 2294 544 2375 passiones,
565 2302 595 2357 et
616 2296 661 2358 sic
681 2310 799 2358 necesse
818 2302 848 2358 et
869 2311 935 2359 esse
957 2296 1031 2358 duas
1052 2297 1187 2359 virtutes.
1210 2292 1349 2359 Ordinem
1371 2295 1451 2359 enim

281 2392 404 2455 rationis
424 2408 546 2455 necasse
569 2400 616 2455 est
635 2408 742 2471 ponere
768 2395 847 2456 circe
869 2394 1026 2471 passiones,
1047 2393 1230 2456 considerata
1255 2393 1450 2472 repugnantia

279 2489 413 2567 ipsarum
427 2491 465 2552 ad
487 2491 642 2564 rationem,
657 2507 732 2569 quae
746 2491 865 2569 quidem
890 2499 986 2567 potest
1005 2506 1071 2553 esse
1092 2491 1259 2569 dupliciter.
1273 2488 1338 2554 Uno
1353 2490 1453 2565 modo,

279 2588 440 2650 secundum
461 2588 540 2665 quod
565 2588 665 2665 passio
686 2588 811 2666 impellit
832 2589 868 2651 ad
890 2589 1007 2667 aliquod
1029 2590 1209 2652 contrarium
1231 2590 1345 2669 rationi,
1360 2590 1453 2659 etsie

280 2697 398 2748 necesse
407 2694 454 2748 ast
467 2687 552 2764 quod
566 2688 664 2765 passio
675 2687 863 2764 reprimatur,
874 2695 903 2751 et
917 2689 954 2751 ab
965 2690 1022 2751 hoc
1033 2688 1234 2751 denominatur
1245 2691 1452 2765 temperantia.

281 2783 349 2845 Alio
369 2784 465 2858 modo,
488 2785 649 2847 secundnm
671 2785 750 2863 quod
771 2786 868 2862 passio
888 2786 1014 2849 retrahit
1033 2787 1072 2849 ab
1092 2800 1135 2860 eo,
1156 2786 1233 2863 quod
1254 2788 1330 2849 ratio
1344 2785 1452 2860 dictat,

281 2880 357 2943 sicut
377 2877 685 2959 timor'periculorum
706 2883 752 2944 vel
775 2883 919 2957 laborum,
939 2889 968 2945 ct
989 2884 1032 2946 sic
1053 2898 1172 2947 necesse
1192 2892 1239 2945 est
1259 2883 1339 2962 quod
1359 2884 1452 2948 homo

280 2980 415 3040 firmetur
435 2980 464 3041 in
486 2996 523 3043 eo
543 2980 622 3059 quod
643 2988 690 3041 est
711 2981 832 3043 rationis
853 2997 889 3043 ne
908 2982 1036 3055 recedat,
1056 2989 1086 3044 33
1106 2982 1144 3043 ab
1165 2982 1222 3044 boc
1242 2981 1452 3044 denominatur

280 3075 431 3139 tortitudo.
452 3074 491 3139 Et
524 3072 660 3139 similiter
688 3078 849 3140 secundum
871 3079 1012 3151 subiecta,
1033 3078 1110 3140 idem
1132 3094 1270 3142 numerus
1290 3078 1451 3142 invenitur.

280 3169 468 3251 Quadruplex
483 3176 561 3237 euim
576 3174 724 3238 invenitur
737 3175 902 3238 subiectum
917 3176 1007 3238 buius
1028 3176 1157 3250 virtutis,
1178 3177 1215 3239 de
1233 3192 1292 3254 qua
1313 3192 1390 3239 nuuc
1405 3176 1454 3239 lo-

282 3270 411 3347 quimur,
439 3272 553 3335 scilicet
573 3273 713 3361 rationale
739 3290 791 3351 per
810 3275 977 3347 essentiam,
999 3274 1077 3351 quod
1098 3274 1253 3353 prudentia
1272 3275 1397 3352 perlicit,
1420 3285 1453 3338 et

280 3368 423 3432 rationale
437 3385 490 3447 per
505 3354 769 3448 participationem,
781 3372 862 3450 quud
875 3372 1044 3434 dividitur
1036 3389 1066 3433 rn
1088 3372 1154 3446 3333,
1174 3372 1273 3435 idest
1265 3389 1295 3433 rn
1311 3373 1453 3436 volunta-

280 3473 339 3527 tem
342 3482 433 3544 quae
443 3474 489 3529 est
500 3468 687 3531 subrectum
679 3470 818 3543 uustvtrae
826 3477 855 3531 et
863 3469 1131 3547 concupiscibilem
1139 3485 1215 3548 quae
1226 3480 1272 3533 est
1282 3471 1452 3533 subrectum

281 3566 500 3641 temperantiae,
514 3574 544 3630 et
557 3567 746 3644 irascibilem,
759 3582 834 3645 quae
848 3576 894 3629 est
909 3569 1074 3631 subiectum
1088 3568 1267 3630 fortitudinis
1282 3566 1333 3647 (l).
1346 3590 1364 3625 s

319 3657 367 3724 81.
389 3658 463 3741 pulo
490 3660 663 3730 Prudentia.
686 3663 843 3727 Prudentia
865 3664 978 3727 definiri
1000 3664 1086 3727 solet:
1110 3662 1328 3728 133333333ίὲ3
1349 3663 1453 3747 opidi·

281 3757 367 3834 lium,
379 3777 431 3823 seu
442 3762 562 3824 babitus
574 3763 744 3841 applicandi
757 3762 899 3840 principia
910 3776 1025 3824 morum
1041 3763 1217 3826 universalia
1229 3763 1267 3825 ad
1282 3763 1453 3841 peculiares

280 3861 481 3924 conclusiones
502 3858 795 3939 operabiliumt'Eius
810 3869 893 3923 actus
913 3868 982 3923 sunt
1000 3861 1157 3938 consiliari,
1172 3861 1348 3923 3333333333
1364 3876 1454 3939 prae-

280 3958 377 4034 cipere
402 3958 437 4020 de
464 3960 523 4037 his,
551 3975 628 4037 quae
654 3954 766 4021 ducunt
791 3958 830 4020 ad
855 3958 986 4021 debitum
1014 3958 1110 4021 linem.
1137 3957 1234 4031 Quare
1262 3958 1388 4036 pertinet
1409 3960 1470 4023 ad.

280 4054 420 4117 rationem
448 4058 610 4133 practicam
638 4066 668 4118 et
696 4072 747 4134 per
773 4072 805 4119 so
826 4064 873 4119 est
899 4056 995 4118 virtus
1016 4056 1233 4131 intellectualis,
1254 4073 1321 4121 cnm
1348 4057 1453 4122 sedem

325 4264 359 4326 (l)
377 4266 491 4315 Stemma
509 4268 549 4315 313.
566 4266 601 4315 l.²
615 4265 663 4315 23²²
680 4282 703 4330 q.
716 4267 778 4324 LXI,
795 4284 819 4316 a.
836 4268 867 4315 2.-
