3159 4934
407 329 490 371 curor
509 329 535 370 u.
554 329 589 370 os
606 327 746 372 soomrnra
764 329 842 371 crvrur
1150 318 1210 376 273v

32 441 170 504 homines
191 441 369 521 deligendos,
390 442 440 518 qui
455 441 636 519 reipublicae
650 443 856 521 gubernandae
870 442 931 520 apti
954 443 1023 517 sint,
1038 445 1160 507 seientia
1174 454 1205 508 et

33 538 193 615 prudentia
215 539 383 618 requiritur,
403 557 463 618 qna
485 539 565 617 plebs
579 541 638 604 fere
654 556 776 619 prorsus
797 543 928 605 orbatur.
944 540 1100 606 Praeterea
1123 542 1205 621 plebs

33 636 128 698 nimia
148 636 238 699 animi
260 636 422 700 mobilitate
445 638 559 701 laborat
583 646 612 700 et
639 639 724 701 facile
744 640 900 716 exponitur
928 637 1108 716 deceptioni3
1130 647 1205 718 tum,

32 741 158 812 propter
177 735 305 812 inopiam
327 751 384 813 qua
407 749 493 814 saepe
508 736 662 812 premitur,
676 735 884 815 largitionibus
905 735 983 799 allici
1006 735 1080 798 solet
1093 735 1131 798 ad
1145 736 1207 798 sui·

31 831 162 909 fragium
186 847 238 910 pro
259 831 296 894 iis
317 833 478 906 ferendum,
498 833 549 913 qui
570 834 669 896 minus
689 833 756 912 eligi
778 841 969 896 mererentur.

76 927 126 992 77.
151 927 193 996 lic
213 925 280 996 iuro
302 926 462 996 uictoriae.
479 927 643 1011 Postremo,
658 932 814 1009 imperium
830 929 1064 1010 aequiri'potest
1084 932 1148 994 iuro
1162 931 1206 994 vi-

31 1027 157 1090 ctoriae.
179 1024 262 1101 Quod
286 1036 317 1091 nt
338 1029 461 1102 eveniat,
476 1029 646 1107 exposcitur
668 1028 817 1106 inprimis
838 1036 871 1090 ut
892 1028 1000 1091 bellum
1014 1029 1090 1092 iusto
1107 1044 1207 1092 susoc-

32 1131 122 1202 ptum
144 1126 189 1187 sit.
213 1123 303 1188 Serus
324 1126 477 1204 potestatis
499 1127 654 1204 occupatio
679 1127 833 1191 latrocinio
859 1128 1089 1206 comparabitur,
1109 1136 1140 1191 et
1161 1129 1203 1189 in·

32 1237 126 1284 vasor
146 1237 201 1284 non
225 1225 358 1302 princeps
380 1226 431 1288 sed
447 1234 603 1303 usurpator
619 1225 780 1288 censendus
800 1226 865 1288 erit.
881 1224 992 1289 Deinde
1012 1242 1132 1289 necesse
1149 1235 1204 1298 est,

31 1329 69 1381 ut
82 1319 200 1383 socialis
215 1306 412 1400 tranouiffltas
427 1289 679 1402 uddbssg'enrts,
695 1331 747 1385 aut
765 1323 890 1386 aliarum
905 1324 1037 1386 affinium
1054 1325 1205 1387 nationum

29 1433 139 1494 reapse
161 1419 290 1497 requirat
311 1423 501 1483 mutationum
516 1421 668 1500 regiminis
683 1428 737 1482 aut
750 1423 895 1484 iacturam
916 1421 1157 1498 independeutiae
1175 1425 1205 1484 iu

30 1515 153 1594 populo,
167 1517 217 1595 qui
236 1516 406 1582 debellatur.
424 1517 516 1582 Seous
537 1518 651 1582 iustitia
667 1537 683 1582 a
701 1520 812 1582 victore
832 1519 1006 1594 laederetur,
1019 1521 1071 1597 qui
1091 1521 1205 1583 nonnisi

29 1613 72 1674 ad
87 1613 259 1677 damnorum
275 1617 487 1694 reparationem
503 1617 689 1695 exigendam,
707 1633 741 1678 ac
758 1632 890 1694 poenam,
905 1632 958 1695 pro
972 1619 1077 1690 merito
1091 1617 1204 1697 culpae,

29 1711 123 1773 vietis
144 1712 331 1791 infligendam
352 1713 399 1776 ius
422 1715 561 1792 possidet.
577 1711 735 1792 Nunquam
754 1731 822 1778 vero
836 1714 976 1778 lacultatc
996 1715 1105 1795 gaudet
1125 1718 1204 1794 prin·
1300 1719 1305 1727 ’

28 1811 129 1888 cipem
151 1826 167 1872 e
187 1810 317 1889 legitimo
343 1811 416 1874 solio
444 1813 631 1886 deturbandi,
653 1822 704 1874 ant
733 1813 879 1891 integram
905 1813 1052 1876 nationem
1080 1815 1204 1877 alterius

28 1909 136 1972 ditioni
153 1909 324 1972 subiiciendi
341 1908 429 1990 (quod
445 1911 572 1987 speciem
589 1910 748 1987 quamdam
764 1910 869 1973 mortis
883 1911 975 1972 veluti
988 1912 1105 1974 socialis
1119 1928 1204 1995 prae-
1246 1943 1250 1950 ·

28 2006 148 2086 sefert);
169 2007 223 2068 nisi
246 2007 275 2068 id
297 2007 425 2088 postulet
448 2007 523 2070 ratio
545 2023 664 2086 poenae,
685 2017 737 2069 aut
765 2011 911 2071 securitas
932 2025 1034 2071 earum
1062 2011 1203 2088 gentium,

26 2120 109 2183 quae
129 2105 235 2167 iniuste
255 2105 352 2168 laesae
374 2113 452 2168 sunt.
475 2103 532 2168 Sed
552 2106 588 2168 de
609 2107 667 2169 bae
689 2121 721 2169 re
742 2106 817 2168 alias
838 2121 934 2170 sermo
955 2108 1073 2171 redibit.
1134 2163 1137 2168 .

73 2199 122 2264 78.
145 2199 250 2270 lilrurn
277 2199 453 2285 usurpatori
480 2200 680 2270 obediendum
706 2199 759 2270 'sit
783 2202 857 2267 Cum
886 2207 936 2268 bic
963 2207 1000 2268 de
1027 2215 1201 2282 usurpatore

29 2301 143 2364 mentio
163 2302 240 2363 laeta
261 2302 310 2376 sit,
332 2301 403 2364 utile
423 2301 477 2363 erit
499 2303 626 2376 innuere,
648 2317 707 2379 quo
728 2302 792 2364 iure
812 2303 838 2364 is
859 2303 1033 2365 instruatur.
1048 2301 1081 2366 lu
1097 2303 1202 2380 primis
1225 2327 1237 2350 ν

28 2407 148 2463 certum
169 2407 214 2461 est
235 2408 449 2478 usurpatorem,
476 2409 575 2478 utpote
596 2403 646 2480 qui
668 2417 725 2462 non
748 2401 811 2463 iure
828 2402 879 2464 sed
901 2401 1006 2487 injuria
1022 2409 1052 2464 et
1064 2401 1201 2479 uiolentia

28 2498 147 2571 nititur,
161 2496 311 2577 illegitime
327 2500 533 2561 auctoritatem
549 2498 707 2576 possidere,
723 2476 900 2575 uocumque
920 2497 1052 2576 legitimo
1075 2497 1200 2576 principi

28 2599 243 2663 restituendam
265 2614 385 2677 semper.
399 2599 550 2678 adstringi.
567 2597 660 2662 lmmo
675 2599 714 2661 ad
737 2601 796 2661 boc
818 2600 884 2678 cogi
905 2615 923 2660 a
946 2598 1075 2661 subditis
1097 2606 1201 2676 potest,
1241 2648 1243 2651 .

27 2705 119 2776 atque
142 2697 229 2760 etiam
251 2697 349 2772 debct;
371 2697 422 2774 qui
444 2697 540 2774 ipsum
562 2713 617 2759 non
639 2704 672 2758 ut
696 2697 867 2774 prinoipem,
889 2696 940 2758 sed
971 2704 1004 2758 ut
1024 2698 1140 2759 hostem
1169 2705 1200 2758 et

28 2796 266 2874 perturbatorem
282 2796 448 2872 respiciunt.
465 2793 495 2858 ld
513 2804 611 2857 tannen
626 2794 847 2872 intelligendum
862 2801 919 2874 est,
933 2795 1021 2857 modo
1035 2810 1104 2872 spes
1119 2803 1200 2858 certa

26 2894 146 2956 eluceat
168 2893 425 2970 prosperiexitus.
448 2890 523 2954 Nam
547 2893 571 2953 si
593 2900 714 2955 coriatus
738 2892 775 2953 ad
798 2891 963 2954 invasorem
993 2891 1200 2970 depellendum

25 2991 149 3054 inutiles
170 2992 230 3053 tore
252 2990 414 3063 eorriioitur,
436 2999 486 3052 aut
510 2990 664 3068 perniciem
688 2991 784 3067 potios
817 2990 950 3052 societati
979 2989 1131 3063 allaturos,
1152 3005 1202 3051 ue
1294 2987 1297 2990 ’

26 3103 180 3168 quaquam
206 3088 330 3150 subditis
355 3088 455 3150 licebit
478 3089 638 3166 insurgere.
655 3089 755 3166 Atque
777 3087 808 3149 id
829 3087 910 3150 iuxta
933 3087 1114 3151 voluntatem
1136 3103 1201 3149 esse

25 3187 126 3266 ipsius
149 3185 271 3264 legitimi
293 3185 434 3263 principis
455 3186 517 3248 iure
533 3187 744 3264 praesumitur3
759 3201 835 3264 quae
855 3185 984 3265 quidem,
1000 3193 1034 3248 ut
1057 3185 1136 3248 iusta
1151 3185 1208 3258 sit,

27 3283 137 3348 rationi
158 3293 188 3346 et
208 3285 283 3347 bono
303 3283 403 3348 sociali
424 3299 588 3362 congruens
611 3299 677 3346 esse
699 3284 796 3346 debet.

69 3372 183 3444 Deibbe
207 3379 379 3444 observetur
408 3389 530 3460 oportet,
552 3389 765 3460 usurpatorem,
786 3383 843 3444 etsi
873 3383 919 3443 ius
948 3380 1068 3464 nullum·
1090 3379 1199 3462 babeat

25 3479 185 3564 potcstatis
205 3479 371 3543 retinendae
392 3487 443 3541 aut
465 3479 530 3540 aliis
545 3480 818 3554 communicandam
837 3465 944 3542 tamen
956 3479 1018 3540 iure
1038 3477 1135 3540 ornari
1157 3478 1198 3538 ci-

25 3581 153 3642 vitatem
173 3578 324 3640 ordinandi
345 3594 380 3640 ac
402 3578 594 3656 magistratus
615 3577 810 3654 temporarios
837 3575 1043 3640 constituendi.
1065 3573 1099 3637 ld
1120 3562 1197 3636 enirn
1288 3657 1291 3661 1

22 3676 227 3739 necessarium
247 3683 302 3738 ..est
329 3675 515 3738 adsalutem
544 3675 644 3753 populi
674 3676 900 3753 procurandam,
925 3687 1000 3752 quae
1028 3673 1095 3735 sine
1118 3671 1198 3735 civili

22 3773 133 3840 ordine
153 3773 262 3860 seruari
282 3773 392 3860 nequit.
408 3769 492 3845 Quod
509 3774 638 3850 proiecto
658 3774 707 3835 ins
722 3789 778 3836 uon
799 3769 963 3850 personale
976 3779 1023 3833 cst
1037 3770 1089 3832 sed
1102 3768 1197 3843 recte,

23 3871 168 3936 nimirum
189 3871 343 3944 eiusmodi,
358 3877 390 3932 ut
413 3885 555 3946 personae
570 3878 720 3948 competat
742 3871 853 3933 ratione
868 3871 909 3932 rei
931 3884 1006 3947 quae
1021 3866 1198 3944 possidetur,

24 3986 60 4034 ae
84 3969 206 4046 proinde
227 3984 282 4031 non
304 3978 364 4030 tarn
386 3967 424 4030 ad
449 3977 663 4046 usurpatorem,
684 3984 773 4046 quam
802 3967 900 4045 potius
929 3966 967 4027 ad
992 3962 1198 4028 auctoritatem

23 4069 169 4146 pertinen
191 4083 266 4146 quae
287 4067 355 4130 licet
376 4065 484 4146 iniuste
506 4067 544 4128 ab
565 4065 614 4127 illo
636 4073 807 4146 occupatur,
829 4074 926 4127 tamen
947 4063 1068 4141 proprio
1087 4061 1197 4124 ellectu
1236 4130 1239 4137 ,

23 4175 54 4228 et
77 4165 105 4228 vi
127 4179 184 4228 non
204 4164 383 4226 destituitur.
406 4161 503 4238 Quare
525 4163 636 4226 subditi
656 4162 793 4241 quamvis
814 4161 915 4223 iuvare
930 4167 1148 4237 usurpatorem,
1163 4167 1197 4221 ut

22 4265 54 4326 in
77 4279 132 4325 sua
156 4262 340 4340 possessione
361 4262 537 4341 stabiliatur,
559 4260 785 4339 prohibeamur,
807 4268 905 4328 muron
927 4258 1055 4338 legibus,
1070 4271 1146 4334 quae
1160 4257 1198 4320 ab

86 4378 263 4447 Lusesnroas
279 4405 310 4416 —
327 4377 423 4426 Etbicu
440 4377 524 4424 etius
541 4385 679 4435 naturae„
1106 4369 1137 4420 18
