3159 4934
330 350 382 405 368
481 366 523 408 tus
538 366 665 409 narunan
682 381 692 391 ·
710 364 779 409 rans
798 367 833 409 ur.
850 367 893 409 rus
911 366 1139 411 nuncnunrrounre
1156 368 1205 411 seu
1223 370 1340 413 carmon

328 487 451 543 naturae
470 488 698 544 consentaneum
711 487 741 544 et
755 481 874 553 bonum,
887 478 979 543 alium
995 497 1064 545 vero
1078 481 1187 544 malum
1200 490 1231 545 et
1246 494 1369 547 naturae
1382 484 1497 549 discor-

328 580 404 642 dem.
419 578 453 644 ld
475 587 555 657 patet
575 588 639 642 tum
660 588 794 658 respectu
815 579 992 653 intellectus,
1007 587 1071 643 turn
1092 591 1227 659 respectu
1249 583 1419 647 voluntatis.
1435 584 1492 650 Re·

327 686 429 758 spectu
450 677 569 756 quidem
591 676 770 751 intellectum
786 686 940 756 propterea
955 678 1034 756 quod
1057 695 1113 742 non
1135 679 1176 742 ita
1198 682 1314 743 veritati
1336 698 1420 745 mens
1441 684 1496 745 bu·

327 793 413 839 mana
435 775 631 855 coniungitur,
645 782 679 839 ut
699 776 737 838 ab
757 792 792 838 ea
813 776 977 839 desciscere
997 792 1182 856 nequaquam
1206 779 1310 856 possim
1333 781 1387 843 sed
1409 796 1493 859 saepe

327 876 356 937 in
372 876 435 937 suis
448 873 674 937 deductionibus
688 871 796 936 falsum
817 873 951 951 incurrit,
967 874 1030 937 sive
1046 883 1164 953 propter
1185 876 1330 939 deiectum
1346 877 1492 956 legitimae

327 972 569 1045 ratiocinationis,
586 972 648 1033 sive
662 978 781 1049 pmpter
794 986 906 1035 errores
920 988 994 1050 quos
1010 973 1127 1035 veritati
1141 973 1171 1036 in
1186 974 1389 1038 ratiocinando
1404 976 1493 1038 admi-

326 1079 398 1134 scet.
411 1066 526 1143 Quibus
541 1069 738 1147 praeposteris
751 1067 933 1132 illationibus
945 1070 988 1131 sic
998 1069 1174 1148 quandoque
1189 1071 1329 1134 tenaciter
1339 1072 1493 1147 adbaeret;

326 1175 361 1230 ut
376 1169 440 1246 ipsa
454 1168 573 1230 amittat
587 1167 631 1231 vel
646 1166 750 1230 saltem
764 1169 902 1231 obscuret
917 1166 1094 1230 evidentiam
1111 1167 1330 1248 principiorum.
1346 1169 1491 1250 Respecto

326 1282 395 1331 vero
406 1266 581 1329 voluntatis:
594 1264 664 1343 quia
678 1267 751 1328 haec
762 1264 818 1327 etsi
833 1265 932 1327 innato
948 1265 1074 1343 pondere
1087 1266 1116 1327 in
1132 1267 1240 1329 bonnm
1254 1268 1382 1343 ieratur;
1399 1277 1491 1333 tantm

326 1367 434 1429 bonum
449 1366 506 1427 boo
527 1379 591 1425 esse
607 1370 701 1441 potest
722 1362 767 1425 rel
788 1362 865 1426 reale
881 1363 925 1426 vel
941 1379 1095 1441 apparens,
1109 1372 1140 1426 et
1153 1365 1296 1427 eiusmodi
1311 1372 1346 1427 ut
1360 1368 1491 1429 sensibus

325 1478 381 1525 non
399 1462 505 1525 rationi
519 1460 702 1539 respondeat.
719 1458 749 1524 Si
763 1462 857 1540 igitur
870 1468 923 1523 aut
937 1461 1081 1539 opinionis
1095 1478 1193 1525 errore
1208 1471 1259 1525 aut
1274 1480 1416 1527 sensnum
1436 1464 1493 1527 illc

324 1562 410 1625 cebra
433 1570 485 1623 aut
504 1560 651 1623 libertatis
666 1560 761 1622 abusu
779 1560 915 1622 voluntas
931 1559 968 1621 ad
983 1560 1127 1623 eiusmodi
1148 1560 1238 1623 fallax
1261 1560 1369 1625 bonum
1386 1562 1492 1641 ampie-

323 1660 461 1724 otendnm
472 1676 503 1721 se
514 1665 680 1731 convertat;
691 1665 789 1720 motus
800 1657 918 1735 quidem
929 1657 1096 1731 habebitur,
1107 1659 1159 1720 sed
1169 1659 1220 1737 qui
1232 1673 1289 1722 non
1302 1674 1489 1739 progressum

324 1760 377 1823 sed
398 1772 562 1837 regressum
583 1755 753 1818 constituat.
767 1752 801 1818 ld
823 1754 900 1817 valet
920 1770 976 1818 non
997 1755 1084 1818 modo
1102 1770 1155 1833 pro
1176 1746 1346 1819 hominibus
1366 1757 1491 1836 singula-

323 1858 417 1930 ribus,
437 1855 491 1918 sed
511 1854 599 1917 etiam
622 1868 675 1931 pro
695 1852 888 1917 societatibus
912 1869 948 1917 ac
978 1860 1038 1916 toto
1066 1853 1217 1917 bominum
1246 1869 1363 1934 genere,
1384 1872 1437 1935 per
1462 1872 1491 1917 se

324 1960 466 2031 spectato.

361 2051 403 2118 Ut
416 2054 507 2132 igitur
527 2050 669 2129 pernicies
683 2050 757 2113 baec
778 2050 899 2123 vitetur,
915 2048 1112 2112 necessarium
1133 2050 1189 2113 erit
1210 2050 1394 2127 praesidium
1414 2049 1485 2111 lucis

321 2151 474 2215 cuiusdam
490 2165 546 2212 non
566 2148 742 2221 defecturae,
756 2163 833 2225 quae
849 2146 1061 2226 intelligentiae
1081 2146 1255 2224 opituletur;
1271 2162 1409 2226 quaeque
1421 2146 1488 2208 dum

322 2257 448 2312 mentem
469 2247 508 2309 ad
521 2262 611 2311 novas
631 2247 769 2308 veritates
781 2244 958 2322 detegendas
971 2252 1066 2323 urget,
1082 2245 1225 2322 principia
1245 2245 1394 2307 stabiliter
1410 2253 1488 2308 tuea-

322 2358 380 2422 tur,
391 2355 421 2411 et
434 2361 556 2418 errores,
567 2344 618 2422 qui
633 2342 863 2406 ratiocinationis
877 2342 1004 2405 decursu
1018 2342 1215 2421 offenduntur,
1227 2344 1330 2405 statim
1344 2344 1485 2407 ostendat

320 2446 367 2510 Ex
383 2453 464 2523 parte
485 2459 553 2505 vero
568 2442 727 2506 voluntatis
742 2440 902 2519 requiritur
916 2455 1005 2503 causa
1022 2440 1168 2518 quaedam
1183 2441 1400 2522 potentissima,
1415 2458 1488 2521 qnae

320 2543 392 2605 dum
408 2542 450 2604 illi
465 2540 643 2603 desiderium
659 2538 773 2601 altioris
787 2540 854 2601 boni
870 2552 984 2616 semper
998 2540 1159 2617 ingenerat,
1174 2540 1252 2601 vires
1266 2539 1367 2612 addat,
1381 2540 1487 2619 quibus

319 2640 410 2702 bomo
430 2637 555 2701 faciliter
570 2632 680 2704 malurn
696 2650 798 2697 cavere
813 2635 924 2714 possit,
938 2643 968 2695 et
988 2633 1026 2695 ad
1042 2635 1248 2711 perfectionem
1269 2635 1484 2713 adipiscendam
1556 2630 1557 2649 ³

320 2740 376 2800 iter
397 2736 554 2799 intendere.
576 2732 656 2797 Haec
684 2742 782 2795 autem
805 2732 917 2795 nonnisi
946 2749 964 2795 a
992 2731 1104 2795 Christi
1125 2732 1263 2811 religione
1284 2742 1486 2811 praestantur:

320 2851 395 2915 quae
408 2851 444 2897 ex
460 2851 516 2897 una
537 2841 631 2911 parte,
646 2832 674 2894 vi
689 2828 783 2904 Fidei,
803 2838 930 2893 mentem
948 2830 1046 2893 divina
1062 2829 1128 2893 luce
1142 2830 1311 2903 collustrat;
1328 2847 1364 2893 ex
1377 2830 1485 2905 aliani

320 2934 443 3013 gratiae,
457 2933 635 2996 voluntatem
649 2938 738 3009 auget
753 2930 856 2992 robore
871 2944 927 2992 uon
944 2929 1113 3009 superabili.
1128 2926 1205 3011 Hinc
1220 2931 1338 3010 utrique
1354 2930 1486 2993 facultati

320 3031 446 3094 calcaria
461 3030 552 3108 addit,
568 3028 754 3107 proponendo
769 3042 870 3089 verum
884 3035 915 3089 et
931 3028 1037 3090 bonum
1053 3026 1200 3089 infinitum
1222 3042 1278 3115 non
1299 3028 1382 3091 modo
1396 3028 1486 3089 resti-

318 3123 514 3209 gaudenti),
535 3128 586 3190 sed
607 3130 696 3191 etiarn
718 3126 926 3205 possidendum
943 3122 987 3205 (2)
1009 3134 1039 3187 et
1058 3112 1234 3188 imitandum
1251 3122 1304 3205 (3).

359 3223 456 3300 Quare
477 3226 583 3287 mirum
598 3240 662 3288 esse
684 3240 739 3287 non
760 3224 857 3297 debet,
876 3223 902 3283 si
922 3223 1001 3301 apud
1016 3233 1130 3301 gentes,
1151 3225 1207 3285 bac
1227 3223 1327 3285 divina
1349 3223 1485 3303 reiigione

318 3324 449 3402 donatas,
466 3336 639 3401 progressus
652 3323 726 3385 adeo
738 3330 876 3385 constans
890 3329 920 3383 et
935 3337 1059 3384 securus
1073 3328 1206 3399 apparet,
1231 3330 1263 3383 ut
1284 3322 1346 3384 iere
1365 3323 1486 3385 eiiectns

317 3421 438 3499 quidam
459 3420 642 3481 necessarius
657 3420 798 3483 videatur.
821 3416 1038 3482 Ambulabuoi
1055 3423 1162 3500 peotes
1182 3420 1217 3481 io
1240 3417 1359 3482 luminae
1381 3422 1444 3495 luo,
1457 3422 1488 3481 et

317 3535 404 3596 repes
424 3518 457 3579 io
478 3513 640 3595 splendore
660 3519 748 3579 ortos
769 3517 817 3578 tui
831 3514 881 3596 (4).
900 3514 962 3579 Nec
984 3532 1052 3579 vero
1074 3516 1131 3579 nlla
1159 3532 1231 3595 gens
1255 3518 1293 3579 ad
1320 3518 1485 3581 barbariem

318 3616 433 3693 penitus
453 3615 547 3677 redire
569 3621 680 3693 potest;
701 3614 756 3675 nisi
777 3621 845 3677 ante
867 3614 1034 3693 religionem
1057 3617 1131 3676 banc
1159 3615 1276 3693 penitus
1304 3617 1432 3688 exnerit,
1452 3615 1487 3675 ab

315 3713 439 3792 eiusque
466 3714 578 3774 influxu
599 3728 631 3775 se
655 3711 772 3775 omnino
798 3712 986 3775 subtraxerit.
1008 3710 1157 3784 Quamdiu
1178 3713 1260 3774 'enim
1285 3713 1315 3774 id
1340 3727 1399 3775 non
1428 3713 1486 3783 liat,

317 3826 433 3889 semper
454 3826 572 3889 germen
585 3810 705 3889 aliquod
721 3811 781 3872 veri
796 3817 826 3872 et
840 3810 908 3873 boni
929 3811 958 3872 in
973 3818 1058 3890 gente
1073 3809 1124 3871 illa
1138 3810 1289 3883 subsistet,
1303 3810 1384 3887 quod
1399 3810 1487 3873 vitam
1554 3798 1555 3807 ³

361 4004 397 4065 (l)
414 4022 428 4048 «
439 4002 509 4051 Haec
524 4009 564 4051 est
579 4009 663 4051 autem
683 4003 734 4052 rita
749 4009 863 4063 aeterna,
880 4009 909 4053 ut
925 4010 1082 4066 cognoscant
1103 4009 1129 4052 te
1146 4001 1228 4052 solum
1244 4003 1326 4053 Deum
1351 4018 1439 4052 rerum
1456 4010 1489 4059 et,

315 4095 392 4144 quern
407 4083 507 4142 misisti,
523 4084 605 4131 Iesum
621 4082 779 4132 Christum.»
798 4083 887 4132 Iouuu.
905 4082 981 4132 xvlt.
1380 4094 1382 4099 ’

363 4161 398 4221 (2)
415 4162 493 4225 «ligo
510 4178 554 4212 ero
571 4178 668 4212 meroes
684 4170 729 4211 tua
745 4163 965 4226 magnanimis.»
983 4164 1048 4214 Gen.
1065 4162 1122 4213 XV.
1203 4192 1206 4201 ·

362 4238 397 4300 (3)
416 4239 524 4290 «Estote
535 4256 580 4291 vos
592 4241 705 4306 perfecti,
714 4243 780 4292 sicut
788 4243 897 4293 etPater
907 4250 992 4293 vester
1001 4243 1117 4293 caelestis
1126 4242 1253 4308 perfectus
1262 4250 1329 4295 est.»
1341 4246 1447 4295 Merra.
1458 4244 1490 4293 V.
1553 4252 1554 4265 ¹

362 4321 400 4381 (l)
412 4319 507 4380 haras,
522 4320 575 4370 LX.
