<?xml version="1.0" encoding="UTF-8"?>
<!DOCTYPE html PUBLIC "-//W3C//DTD XHTML 1.0 Transitional//EN"
    "http://www.w3.org/TR/xhtml1/DTD/xhtml1-transitional.dtd">
<html xmlns="http://www.w3.org/1999/xhtml" xml:lang="en" lang="en">
 <head>
  <title>
</title>
<meta http-equiv="Content-Type" content="text/html;charset=utf-8" />
  <meta name='ocr-system' content='tesseract 3.04.00' />
  <meta name='ocr-capabilities' content='ocr_page ocr_carea ocr_par ocr_line ocrx_word'/>
</head>
<body>
  <div class='ocr_page' id='page_1' title='image "./institutioneset00libegoog_0223.png"; bbox 0 0 3159 4934; ppageno 0'>
   <div class='ocr_carea' id='block_1_1' title="bbox 279 249 1128 307">
    <p class='ocr_par' dir='ltr' id='par_1_1' title="bbox 279 249 1128 307">
     <span class='ocr_line' id='line_1_1' title="bbox 279 249 1128 307; baseline -0.001 -3"><span class='ocrx_word' id='word_1_1' title='bbox 279 249 333 306; x_wconf 64' lang='lat'>918</span> <span class='ocrx_word' id='word_1_2' title='bbox 605 263 648 307; x_wconf 87' lang='lat' dir='ltr'>tus</span> <span class='ocrx_word' id='word_1_3' title='bbox 667 263 791 306; x_wconf 75' lang='lat' dir='ltr'>aaronis</span> <span class='ocrx_word' id='word_1_4' title='bbox 804 281 814 291; x_wconf 92' lang='lat'><strong>·</strong></span> <span class='ocrx_word' id='word_1_5' title='bbox 826 263 895 306; x_wconf 79' lang='lat' dir='ltr'>enus</span> <span class='ocrx_word' id='word_1_6' title='bbox 913 262 940 304; x_wconf 89' lang='lat' dir='ltr'>u.</span> <span class='ocrx_word' id='word_1_7' title='bbox 960 260 1002 303; x_wconf 84' lang='lat' dir='ltr'>tus</span> <span class='ocrx_word' id='word_1_8' title='bbox 1020 261 1128 303; x_wconf 71' lang='lat' dir='ltr'>munau</span> 
     </span>
    </p>
   </div>
   <div class='ocr_carea' id='block_1_2' title="bbox 278 369 1461 1431">
    <p class='ocr_par' dir='ltr' id='par_1_2' title="bbox 278 369 1461 1431">
     <span class='ocr_line' id='line_1_2' title="bbox 279 369 1456 455; baseline -0.004 -18"><span class='ocrx_word' id='word_1_9' title='bbox 279 385 380 455; x_wconf 80' lang='lat' dir='ltr'>tegrae</span> <span class='ocrx_word' id='word_1_10' title='bbox 401 387 504 455; x_wconf 81' lang='lat' dir='ltr'>gentes</span> <span class='ocrx_word' id='word_1_11' title='bbox 524 375 660 438; x_wconf 84' lang='lat' dir='ltr'>servituti</span> <span class='ocrx_word' id='word_1_12' title='bbox 681 374 724 436; x_wconf 92' lang='lat' dir='ltr'>illi</span> <span class='ocrx_word' id='word_1_13' title='bbox 743 374 965 448; x_wconf 79' lang='lat' dir='ltr'>addicebantur,</span> <span class='ocrx_word' id='word_1_14' title='bbox 980 381 1013 435; x_wconf 89' lang='lat' dir='ltr'>ut</span> <span class='ocrx_word' id='word_1_15' title='bbox 1028 370 1171 436; x_wconf 78' lang='lat' dir='ltr'>Penestae</span> <span class='ocrx_word' id='word_1_16' title='bbox 1184 370 1264 449; x_wconf 90' lang='lat' dir='ltr'>apud</span> <span class='ocrx_word' id='word_1_17' title='bbox 1278 369 1456 444; x_wconf 83' lang='lat' dir='ltr'>Thessalos,</span> 
     </span>
     <span class='ocr_line' id='line_1_3' title="bbox 278 468 1452 552; baseline -0.007 -15"><span class='ocrx_word' id='word_1_18' title='bbox 278 480 310 537; x_wconf 86' lang='lat' dir='ltr'>ot</span> <span class='ocrx_word' id='word_1_19' title='bbox 329 471 420 538; x_wconf 87' lang='lat' dir='ltr'>Ilotae</span> <span class='ocrx_word' id='word_1_20' title='bbox 440 474 518 552; x_wconf 91' lang='lat' dir='ltr'>apud</span> <span class='ocrx_word' id='word_1_21' title='bbox 540 471 784 536; x_wconf 87' lang='lat' dir='ltr'>Lacedaemones.</span> <span class='ocrx_word' id='word_1_22' title='bbox 805 471 930 535; x_wconf 83' lang='lat' dir='ltr'>Athenis</span> <span class='ocrx_word' id='word_1_23' title='bbox 950 486 1040 548; x_wconf 90' lang='lat' dir='ltr'>supra</span> <span class='ocrx_word' id='word_1_24' title='bbox 1060 477 1187 550; x_wconf 84' lang='lat' dir='ltr'>quatuor</span> <span class='ocrx_word' id='word_1_25' title='bbox 1212 475 1333 532; x_wconf 86' lang='lat' dir='ltr'>centena</span> <span class='ocrx_word' id='word_1_26' title='bbox 1355 468 1452 530; x_wconf 88' lang='lat' dir='ltr'>millia</span> 
     </span>
     <span class='ocr_line' id='line_1_4' title="bbox 280 563 1459 648; baseline -0.003 -17"><span class='ocrx_word' id='word_1_27' title='bbox 280 569 505 648; x_wconf 81' lang='lat' dir='ltr'>mancipiorum,</span> <span class='ocrx_word' id='word_1_28' title='bbox 526 570 576 632; x_wconf 81' lang='lat' dir='ltr'>vix</span> <span class='ocrx_word' id='word_1_29' title='bbox 598 569 701 646; x_wconf 82' lang='lat' dir='ltr'>viginti</span> <span class='ocrx_word' id='word_1_30' title='bbox 722 569 815 631; x_wconf 87' lang='lat' dir='ltr'>millia</span> <span class='ocrx_word' id='word_1_31' title='bbox 836 569 944 632; x_wconf 87' lang='lat' dir='ltr'>civium</span> <span class='ocrx_word' id='word_1_32' title='bbox 959 569 1194 631; x_wconf 86' lang='lat' dir='ltr'>recensebantur.</span> <span class='ocrx_word' id='word_1_33' title='bbox 1209 563 1287 640; x_wconf 85' lang='lat' dir='ltr'>Quid</span> <span class='ocrx_word' id='word_1_34' title='bbox 1301 566 1401 629; x_wconf 86' lang='lat' dir='ltr'>dicam</span> <span class='ocrx_word' id='word_1_35' title='bbox 1415 565 1459 628; x_wconf 86' lang='lat' dir='ltr'>de</span> 
     </span>
     <span class='ocr_line' id='line_1_5' title="bbox 279 664 1456 745; baseline -0.003 -15"><span class='ocrx_word' id='word_1_36' title='bbox 279 664 386 741; x_wconf 89' lang='lat' dir='ltr'>Roma,</span> <span class='ocrx_word' id='word_1_37' title='bbox 406 667 523 732; x_wconf 92' lang='lat' dir='ltr'>domina</span> <span class='ocrx_word' id='word_1_38' title='bbox 544 667 635 730; x_wconf 86' lang='lat' dir='ltr'>totius</span> <span class='ocrx_word' id='word_1_39' title='bbox 657 667 790 741; x_wconf 76' lang='lat' dir='ltr'>urbisin</span> <span class='ocrx_word' id='word_1_40' title='bbox 805 683 865 745; x_wconf 85' lang='lat' dir='ltr'>qna</span> <span class='ocrx_word' id='word_1_41' title='bbox 880 668 965 729; x_wconf 88' lang='lat' dir='ltr'>turba</span> <span class='ocrx_word' id='word_1_42' title='bbox 983 666 1195 743; x_wconf 87' lang='lat' dir='ltr'>mancipiorum</span> <span class='ocrx_word' id='word_1_43' title='bbox 1210 666 1256 727; x_wconf 90' lang='lat' dir='ltr'>sic</span> <span class='ocrx_word' id='word_1_44' title='bbox 1270 673 1456 740; x_wconf 86' lang='lat' dir='ltr'>excreverat,</span> 
     </span>
     <span class='ocr_line' id='line_1_6' title="bbox 279 760 1459 843; baseline -0.002 -17"><span class='ocrx_word' id='word_1_45' title='bbox 279 772 314 827; x_wconf 89' lang='lat' dir='ltr'>ut</span> <span class='ocrx_word' id='word_1_46' title='bbox 334 764 490 842; x_wconf 89' lang='lat' dir='ltr'>plusquam</span> <span class='ocrx_word' id='word_1_47' title='bbox 512 773 572 827; x_wconf 88' lang='lat' dir='ltr'>tres</span> <span class='ocrx_word' id='word_1_48' title='bbox 592 764 755 828; x_wconf 88' lang='lat' dir='ltr'>incolarum</span> <span class='ocrx_word' id='word_1_49' title='bbox 771 772 870 843; x_wconf 86' lang='lat' dir='ltr'>par-tes</span> <span class='ocrx_word' id='word_1_50' title='bbox 883 763 1146 842; x_wconf 82' lang='lat' dir='ltr'>complecteretur?</span> <span class='ocrx_word' id='word_1_51' title='bbox 1162 760 1289 826; x_wconf 87' lang='lat' dir='ltr'>Tantum</span> <span class='ocrx_word' id='word_1_52' title='bbox 1304 763 1459 840; x_wconf 84' lang='lat' dir='ltr'>flagitium</span> 
     </span>
     <span class='ocr_line' id='line_1_7' title="bbox 279 859 1459 941; baseline -0.002 -18"><span class='ocrx_word' id='word_1_53' title='bbox 279 861 348 925; x_wconf 91' lang='lat' dir='ltr'>inde</span> <span class='ocrx_word' id='word_1_54' title='bbox 368 863 503 937; x_wconf 82' lang='lat' dir='ltr'>deduxit,</span> <span class='ocrx_word' id='word_1_55' title='bbox 522 863 601 941; x_wconf 80' lang='lat' dir='ltr'>cuod</span> <span class='ocrx_word' id='word_1_56' title='bbox 622 861 818 941; x_wconf 81' lang='lat' dir='ltr'>Paganismus</span> <span class='ocrx_word' id='word_1_57' title='bbox 839 862 936 924; x_wconf 88' lang='lat' dir='ltr'>ideam</span> <span class='ocrx_word' id='word_1_58' title='bbox 958 863 1105 925; x_wconf 87' lang='lat' dir='ltr'>humanae</span> <span class='ocrx_word' id='word_1_59' title='bbox 1124 859 1313 923; x_wconf 82' lang='lat' dir='ltr'>excellentiae</span> <span class='ocrx_word' id='word_1_60' title='bbox 1335 860 1459 938; x_wconf 91' lang='lat' dir='ltr'>penitus</span> 
     </span>
     <span class='ocr_line' id='line_1_8' title="bbox 280 958 1460 1038; baseline -0.004 -14"><span class='ocrx_word' id='word_1_61' title='bbox 280 960 502 1036; x_wconf 87' lang='lat' dir='ltr'>obliteraverat;</span> <span class='ocrx_word' id='word_1_62' title='bbox 518 968 617 1038; x_wconf 84' lang='lat' dir='ltr'>atque,</span> <span class='ocrx_word' id='word_1_63' title='bbox 634 961 754 1024; x_wconf 90' lang='lat' dir='ltr'>inducta</span> <span class='ocrx_word' id='word_1_64' title='bbox 768 958 970 1038; x_wconf 77' lang='lat' dir='ltr'>Stalclctria,</span> <span class='ocrx_word' id='word_1_65' title='bbox 991 975 1107 1024; x_wconf 90' lang='lat' dir='ltr'>omnem</span> <span class='ocrx_word' id='word_1_66' title='bbox 1127 959 1255 1022; x_wconf 88' lang='lat' dir='ltr'>hominis</span> <span class='ocrx_word' id='word_1_67' title='bbox 1276 958 1460 1036; x_wconf 81' lang='lat' dir='ltr'>dignitatem</span> 
     </span>
     <span class='ocr_line' id='line_1_9' title="bbox 280 1052 1461 1138; baseline -0.003 -16"><span class='ocrx_word' id='word_1_68' title='bbox 280 1075 317 1122; x_wconf 86' lang='lat' dir='ltr'>ex</span> <span class='ocrx_word' id='word_1_69' title='bbox 334 1058 399 1122; x_wconf 91' lang='lat' dir='ltr'>iure</span> <span class='ocrx_word' id='word_1_70' title='bbox 420 1059 550 1121; x_wconf 89' lang='lat' dir='ltr'>civitatis</span> <span class='ocrx_word' id='word_1_71' title='bbox 573 1059 616 1122; x_wconf 90' lang='lat' dir='ltr'>sic</span> <span class='ocrx_word' id='word_1_72' title='bbox 637 1061 797 1138; x_wconf 85' lang='lat' dir='ltr'>repetebat,</span> <span class='ocrx_word' id='word_1_73' title='bbox 813 1066 844 1120; x_wconf 94' lang='lat' dir='ltr'>ut</span> <span class='ocrx_word' id='word_1_74' title='bbox 865 1059 900 1138; x_wconf 85' lang='lat' dir='ltr'>is,</span> <span class='ocrx_word' id='word_1_75' title='bbox 922 1058 974 1137; x_wconf 87' lang='lat' dir='ltr'>qui</span> <span class='ocrx_word' id='word_1_76' title='bbox 995 1057 1071 1120; x_wconf 79' lang='lat' dir='ltr'>civis</span> <span class='ocrx_word' id='word_1_77' title='bbox 1086 1073 1141 1120; x_wconf 92' lang='lat' dir='ltr'>non</span> <span class='ocrx_word' id='word_1_78' title='bbox 1161 1064 1234 1136; x_wconf 85' lang='lat' dir='ltr'>erat,</span> <span class='ocrx_word' id='word_1_79' title='bbox 1247 1057 1279 1118; x_wconf 90' lang='lat' dir='ltr'>in</span> <span class='ocrx_word' id='word_1_80' title='bbox 1293 1052 1461 1118; x_wconf 75' lang='lat' dir='ltr'>domiuum</span> 
     </span>
     <span class='ocr_line' id='line_1_10' title="bbox 281 1153 1460 1235; baseline -0.003 -17"><span class='ocrx_word' id='word_1_81' title='bbox 281 1171 404 1219; x_wconf 90' lang='lat' dir='ltr'>numero</span> <span class='ocrx_word' id='word_1_82' title='bbox 417 1171 474 1218; x_wconf 91' lang='lat' dir='ltr'>non</span> <span class='ocrx_word' id='word_1_83' title='bbox 489 1164 683 1235; x_wconf 85' lang='lat' dir='ltr'>reputaretur.</span> <span class='ocrx_word' id='word_1_84' title='bbox 701 1154 886 1219; x_wconf 87' lang='lat' dir='ltr'>Christianae</span> <span class='ocrx_word' id='word_1_85' title='bbox 901 1154 1047 1235; x_wconf 81' lang='lat' dir='ltr'>Religioni</span> <span class='ocrx_word' id='word_1_86' title='bbox 1062 1162 1217 1232; x_wconf 89' lang='lat' dir='ltr'>acceptum</span> <span class='ocrx_word' id='word_1_87' title='bbox 1239 1153 1340 1216; x_wconf 81' lang='lat' dir='ltr'>reterri</span> <span class='ocrx_word' id='word_1_88' title='bbox 1354 1153 1460 1227; x_wconf 88' lang='lat' dir='ltr'>debet,</span> 
     </span>
     <span class='ocr_line' id='line_1_11' title="bbox 282 1250 1461 1338; baseline -0.003 -22"><span class='ocrx_word' id='word_1_89' title='bbox 282 1253 373 1333; x_wconf 85' lang='lat' dir='ltr'>quod,</span> <span class='ocrx_word' id='word_1_90' title='bbox 393 1253 558 1338; x_wconf 82' lang='lat' dir='ltr'>instaurato</span> <span class='ocrx_word' id='word_1_91' title='bbox 578 1261 721 1332; x_wconf 90' lang='lat' dir='ltr'>conceptu</span> <span class='ocrx_word' id='word_1_92' title='bbox 748 1254 966 1332; x_wconf 88' lang='lat' dir='ltr'>personalitatis</span> <span class='ocrx_word' id='word_1_93' title='bbox 987 1253 1144 1325; x_wconf 88' lang='lat' dir='ltr'>hnmanae,</span> <span class='ocrx_word' id='word_1_94' title='bbox 1166 1251 1308 1329; x_wconf 86' lang='lat' dir='ltr'>paulatim</span> <span class='ocrx_word' id='word_1_95' title='bbox 1329 1267 1347 1312; x_wconf 92' lang='lat' dir='ltr'>a</span> <span class='ocrx_word' id='word_1_96' title='bbox 1366 1250 1461 1313; x_wconf 86' lang='lat' dir='ltr'>ioedo</span> 
     </span>
     <span class='ocr_line' id='line_1_12' title="bbox 282 1349 1277 1431; baseline -0.002 -17"><span class='ocrx_word' id='word_1_97' title='bbox 282 1353 340 1414; x_wconf 89' lang='lat' dir='ltr'>hoc</span> <span class='ocrx_word' id='word_1_98' title='bbox 361 1349 459 1414; x_wconf 87' lang='lat' dir='ltr'>ulcere</span> <span class='ocrx_word' id='word_1_99' title='bbox 479 1367 572 1431; x_wconf 80' lang='lat' dir='ltr'>genus</span> <span class='ocrx_word' id='word_1_100' title='bbox 593 1352 755 1414; x_wconf 91' lang='lat' dir='ltr'>humanum</span> <span class='ocrx_word' id='word_1_101' title='bbox 778 1359 915 1414; x_wconf 86' lang='lat' dir='ltr'>curatum</span> <span class='ocrx_word' id='word_1_102' title='bbox 937 1351 985 1413; x_wconf 89' lang='lat' dir='ltr'>sit.</span> <span class='ocrx_word' id='word_1_103' title='bbox 1272 1357 1277 1365; x_wconf 85' lang='lat'><em>&#39;</em></span> 
     </span>
    </p>
   </div>
   <div class='ocr_carea' id='block_1_3' title="bbox 656 1670 1080 1748">
    <p class='ocr_par' dir='ltr' id='par_1_3' title="bbox 656 1670 1080 1748">
     <span class='ocr_line' id='line_1_13' title="bbox 656 1670 1080 1748; baseline -0.014 0"><span class='ocrx_word' id='word_1_104' title='bbox 656 1671 806 1748; x_wconf 75' lang='lat' dir='ltr'>odron</span> <span class='ocrx_word' id='word_1_105' title='bbox 831 1670 1080 1748; x_wconf 77' lang='lat' dir='ltr'>suoddttutt</span> 
     </span>
    </p>
   </div>
   <div class='ocr_carea' id='block_1_4' title="bbox 692 1849 1045 1901">
    <p class='ocr_par' dir='ltr' id='par_1_4' title="bbox 692 1849 1045 1901">
     <span class='ocr_line' id='line_1_14' title="bbox 692 1849 1045 1901; baseline 0.003 -3"><span class='ocrx_word' id='word_1_106' title='bbox 692 1851 730 1900; x_wconf 82' lang='lat' dir='ltr'>ott</span> <span class='ocrx_word' id='word_1_107' title='bbox 756 1850 918 1901; x_wconf 73' lang='lat' dir='ltr'>socmrtt‘d</span> <span class='ocrx_word' id='word_1_108' title='bbox 939 1849 1045 1900; x_wconf 80' lang='lat' dir='ltr'>owtnt.</span> 
     </span>
    </p>
   </div>
   <div class='ocr_carea' id='block_1_5' title="bbox 208 2035 1461 3590">
    <p class='ocr_par' dir='ltr' id='par_1_5' title="bbox 208 2035 1461 3590">
     <span class='ocr_line' id='line_1_15' title="bbox 324 2035 1458 2119; baseline -0.004 -18"><span class='ocrx_word' id='word_1_109' title='bbox 324 2035 373 2101; x_wconf 69' lang='lat'>29.</span> <span class='ocrx_word' id='word_1_110' title='bbox 395 2035 469 2118; x_wconf 81' lang='lat' dir='ltr'>puto</span> <span class='ocrx_word' id='word_1_111' title='bbox 497 2037 635 2107; x_wconf 79' lang='lat' dir='ltr'>societas</span> <span class='ocrx_word' id='word_1_112' title='bbox 661 2038 770 2109; x_wconf 81' lang='lat' dir='ltr'>uirilis.</span> <span class='ocrx_word' id='word_1_113' title='bbox 794 2041 861 2106; x_wconf 88' lang='lat' dir='ltr'>Sola</span> <span class='ocrx_word' id='word_1_114' title='bbox 882 2041 1003 2116; x_wconf 80' lang='lat' dir='ltr'>familia,</span> <span class='ocrx_word' id='word_1_115' title='bbox 1029 2057 1081 2119; x_wconf 89' lang='lat' dir='ltr'>per</span> <span class='ocrx_word' id='word_1_116' title='bbox 1102 2055 1134 2101; x_wconf 88' lang='lat' dir='ltr'>se</span> <span class='ocrx_word' id='word_1_117' title='bbox 1154 2053 1288 2102; x_wconf 90' lang='lat' dir='ltr'>seorsum</span> <span class='ocrx_word' id='word_1_118' title='bbox 1308 2037 1458 2115; x_wconf 89' lang='lat' dir='ltr'>inspecta,</span> 
     </span>
     <span class='ocr_line' id='line_1_16' title="bbox 285 2131 1456 2219; baseline -0.003 -21"><span class='ocrx_word' id='word_1_119' title='bbox 285 2136 461 2216; x_wconf 79' lang='lat' dir='ltr'>indigentiae</span> <span class='ocrx_word' id='word_1_120' title='bbox 481 2137 628 2201; x_wconf 90' lang='lat' dir='ltr'>humanae</span> <span class='ocrx_word' id='word_1_121' title='bbox 647 2140 731 2216; x_wconf 90' lang='lat' dir='ltr'>plene</span> <span class='ocrx_word' id='word_1_122' title='bbox 745 2139 952 2219; x_wconf 86' lang='lat' dir='ltr'>cumulateque</span> <span class='ocrx_word' id='word_1_123' title='bbox 966 2138 1105 2217; x_wconf 88' lang='lat' dir='ltr'>opitulari</span> <span class='ocrx_word' id='word_1_124' title='bbox 1120 2137 1239 2198; x_wconf 90' lang='lat' dir='ltr'>minime</span> <span class='ocrx_word' id='word_1_125' title='bbox 1255 2142 1359 2213; x_wconf 87' lang='lat' dir='ltr'>potest.</span> <span class='ocrx_word' id='word_1_126' title='bbox 1375 2131 1456 2196; x_wconf 85' lang='lat' dir='ltr'>Nam</span> 
     </span>
     <span class='ocr_line' id='line_1_17' title="bbox 286 2231 1459 2316; baseline -0.003 -19"><span class='ocrx_word' id='word_1_127' title='bbox 286 2233 447 2297; x_wconf 88' lang='lat' dir='ltr'>domestica</span> <span class='ocrx_word' id='word_1_128' title='bbox 470 2236 596 2299; x_wconf 90' lang='lat' dir='ltr'>societas</span> <span class='ocrx_word' id='word_1_129' title='bbox 622 2237 679 2300; x_wconf 86' lang='lat' dir='ltr'>hoc</span> <span class='ocrx_word' id='word_1_130' title='bbox 707 2244 820 2299; x_wconf 86' lang='lat' dir='ltr'>tantum</span> <span class='ocrx_word' id='word_1_131' title='bbox 842 2238 960 2316; x_wconf 89' lang='lat' dir='ltr'>proprio</span> <span class='ocrx_word' id='word_1_132' title='bbox 980 2244 1103 2315; x_wconf 88' lang='lat' dir='ltr'>spectat,</span> <span class='ocrx_word' id='word_1_133' title='bbox 1120 2242 1153 2297; x_wconf 91' lang='lat' dir='ltr'>ut</span> <span class='ocrx_word' id='word_1_134' title='bbox 1173 2236 1261 2297; x_wconf 88' lang='lat' dir='ltr'>homo</span> <span class='ocrx_word' id='word_1_135' title='bbox 1282 2231 1459 2294; x_wconf 88' lang='lat' dir='ltr'>individuus</span> 
     </span>
     <span class='ocr_line' id='line_1_18' title="bbox 208 2330 1459 2414; baseline -0.003 -19"><span class='ocrx_word' id='word_1_136' title='bbox 208 2352 212 2368; x_wconf 91' lang='grc'>·</span> <span class='ocrx_word' id='word_1_137' title='bbox 286 2331 378 2395; x_wconf 85' lang='lat' dir='ltr'>veluti</span> <span class='ocrx_word' id='word_1_138' title='bbox 399 2333 590 2411; x_wconf 86' lang='lat' dir='ltr'>compleatur,</span> <span class='ocrx_word' id='word_1_139' title='bbox 612 2342 799 2398; x_wconf 84' lang='lat' dir='ltr'>conservetur</span> <span class='ocrx_word' id='word_1_140' title='bbox 819 2343 849 2398; x_wconf 89' lang='lat' dir='ltr'>et</span> <span class='ocrx_word' id='word_1_141' title='bbox 874 2336 958 2414; x_wconf 86' lang='lat' dir='ltr'>qnasi</span> <span class='ocrx_word' id='word_1_142' title='bbox 987 2333 1166 2412; x_wconf 85' lang='lat' dir='ltr'>perennitate</span> <span class='ocrx_word' id='word_1_143' title='bbox 1189 2333 1219 2393; x_wconf 93' lang='lat' dir='ltr'>vi</span> <span class='ocrx_word' id='word_1_144' title='bbox 1239 2331 1369 2394; x_wconf 85' lang='lat' dir='ltr'>liliorum</span> <span class='ocrx_word' id='word_1_145' title='bbox 1390 2330 1459 2391; x_wconf 85' lang='lat' dir='ltr'>affi-</span> 
     </span>
     <span class='ocr_line' id='line_1_19' title="bbox 286 2428 1460 2512; baseline -0.004 -18"><span class='ocrx_word' id='word_1_146' title='bbox 286 2431 390 2494; x_wconf 85' lang='lat' dir='ltr'>ciatur.</span> <span class='ocrx_word' id='word_1_147' title='bbox 414 2431 456 2494; x_wconf 88' lang='lat' dir='ltr'>At</span> <span class='ocrx_word' id='word_1_148' title='bbox 478 2439 638 2510; x_wconf 86' lang='lat' dir='ltr'>praeterea,</span> <span class='ocrx_word' id='word_1_149' title='bbox 652 2433 716 2512; x_wconf 91' lang='lat' dir='ltr'>ipsa</span> <span class='ocrx_word' id='word_1_150' title='bbox 738 2449 860 2511; x_wconf 90' lang='lat' dir='ltr'>persona</span> <span class='ocrx_word' id='word_1_151' title='bbox 881 2434 1021 2505; x_wconf 85' lang='lat' dir='ltr'>humana,</span> <span class='ocrx_word' id='word_1_152' title='bbox 1034 2432 1093 2494; x_wconf 91' lang='lat' dir='ltr'>iam</span> <span class='ocrx_word' id='word_1_153' title='bbox 1115 2432 1159 2493; x_wconf 92' lang='lat' dir='ltr'>sic</span> <span class='ocrx_word' id='word_1_154' title='bbox 1180 2428 1325 2508; x_wconf 88' lang='lat' dir='ltr'>completa</span> <span class='ocrx_word' id='word_1_155' title='bbox 1346 2436 1376 2490; x_wconf 91' lang='lat' dir='ltr'>et</span> <span class='ocrx_word' id='word_1_156' title='bbox 1390 2443 1460 2506; x_wconf 94' lang='lat' dir='ltr'>per·</span> 
     </span>
     <span class='ocr_line' id='line_1_20' title="bbox 287 2525 1459 2611; baseline -0.002 -21"><span class='ocrx_word' id='word_1_157' title='bbox 287 2544 418 2604; x_wconf 92' lang='lat' dir='ltr'>manens,</span> <span class='ocrx_word' id='word_1_158' title='bbox 438 2530 645 2608; x_wconf 86' lang='lat' dir='ltr'>amplificanda</span> <span class='ocrx_word' id='word_1_159' title='bbox 663 2531 881 2611; x_wconf 86' lang='lat' dir='ltr'>quodammodo</span> <span class='ocrx_word' id='word_1_160' title='bbox 895 2539 949 2610; x_wconf 90' lang='lat' dir='ltr'>est,</span> <span class='ocrx_word' id='word_1_161' title='bbox 965 2530 1087 2593; x_wconf 91' lang='lat' dir='ltr'>ulterius</span> <span class='ocrx_word' id='word_1_162' title='bbox 1109 2528 1286 2606; x_wconf 86' lang='lat' dir='ltr'>perficienda</span> <span class='ocrx_word' id='word_1_163' title='bbox 1307 2543 1342 2590; x_wconf 90' lang='lat' dir='ltr'>ac</span> <span class='ocrx_word' id='word_1_164' title='bbox 1364 2525 1459 2588; x_wconf 87' lang='lat' dir='ltr'>maio·</span> 
     </span>
     <span class='ocr_line' id='line_1_21' title="bbox 287 2626 1458 2707; baseline -0.003 -20"><span class='ocrx_word' id='word_1_165' title='bbox 287 2627 369 2688; x_wconf 88' lang='lat' dir='ltr'>ribus</span> <span class='ocrx_word' id='word_1_166' title='bbox 380 2627 469 2690; x_wconf 88' lang='lat' dir='ltr'>veluti</span> <span class='ocrx_word' id='word_1_167' title='bbox 485 2629 589 2707; x_wconf 86' lang='lat' dir='ltr'>spatiis</span> <span class='ocrx_word' id='word_1_168' title='bbox 602 2629 785 2707; x_wconf 86' lang='lat' dir='ltr'>explicanda.</span> <span class='ocrx_word' id='word_1_169' title='bbox 798 2628 882 2703; x_wconf 84' lang='lat' dir='ltr'>Quod</span> <span class='ocrx_word' id='word_1_170' title='bbox 897 2639 931 2691; x_wconf 95' lang='lat' dir='ltr'>ut</span> <span class='ocrx_word' id='word_1_171' title='bbox 945 2629 1121 2706; x_wconf 89' lang='lat' dir='ltr'>obtineatur,</span> <span class='ocrx_word' id='word_1_172' title='bbox 1131 2626 1259 2706; x_wconf 79' lang='lat' dir='ltr'>largiora</span> <span class='ocrx_word' id='word_1_173' title='bbox 1273 2631 1458 2705; x_wconf 88' lang='lat' dir='ltr'>quaeruntur</span> 
     </span>
     <span class='ocr_line' id='line_1_22' title="bbox 287 2722 1458 2805; baseline 0.002 -23"><span class='ocrx_word' id='word_1_174' title='bbox 287 2724 418 2786; x_wconf 88' lang='lat' dir='ltr'>subsidia</span> <span class='ocrx_word' id='word_1_175' title='bbox 445 2727 474 2788; x_wconf 92' lang='lat' dir='ltr'>vi</span> <span class='ocrx_word' id='word_1_176' title='bbox 500 2727 620 2791; x_wconf 89' lang='lat' dir='ltr'>maioris</span> <span class='ocrx_word' id='word_1_177' title='bbox 641 2727 800 2800; x_wconf 87' lang='lat' dir='ltr'>societatis,</span> <span class='ocrx_word' id='word_1_178' title='bbox 820 2743 879 2804; x_wconf 88' lang='lat' dir='ltr'>qua</span> <span class='ocrx_word' id='word_1_179' title='bbox 900 2726 1050 2788; x_wconf 89' lang='lat' dir='ltr'>stabiliter</span> <span class='ocrx_word' id='word_1_180' title='bbox 1073 2726 1156 2805; x_wconf 90' lang='lat' dir='ltr'>ipsae</span> <span class='ocrx_word' id='word_1_181' title='bbox 1178 2724 1305 2787; x_wconf 78' lang='lat' dir='ltr'>familiae</span> <span class='ocrx_word' id='word_1_182' title='bbox 1330 2722 1458 2785; x_wconf 83' lang='lat' dir='ltr'>invicem</span> 
     </span>
     <span class='ocr_line' id='line_1_23' title="bbox 288 2819 1460 2904; baseline -0.001 -22"><span class='ocrx_word' id='word_1_183' title='bbox 288 2821 471 2898; x_wconf 88' lang='lat' dir='ltr'>copulentur,</span> <span class='ocrx_word' id='word_1_184' title='bbox 493 2839 583 2904; x_wconf 85' lang='lat' dir='ltr'>eoque</span> <span class='ocrx_word' id='word_1_185' title='bbox 612 2841 741 2898; x_wconf 88' lang='lat' dir='ltr'>numero,</span> <span class='ocrx_word' id='word_1_186' title='bbox 763 2826 813 2904; x_wconf 87' lang='lat' dir='ltr'>qui</span> <span class='ocrx_word' id='word_1_187' title='bbox 838 2825 910 2887; x_wconf 92' lang='lat' dir='ltr'>satis</span> <span class='ocrx_word' id='word_1_188' title='bbox 931 2840 1077 2903; x_wconf 86' lang='lat' dir='ltr'>superque</span> <span class='ocrx_word' id='word_1_189' title='bbox 1105 2823 1145 2886; x_wconf 90' lang='lat' dir='ltr'>sit</span> <span class='ocrx_word' id='word_1_190' title='bbox 1160 2823 1206 2886; x_wconf 91' lang='lat' dir='ltr'>-ad</span> <span class='ocrx_word' id='word_1_191' title='bbox 1228 2823 1312 2900; x_wconf 91' lang='lat' dir='ltr'>plene</span> <span class='ocrx_word' id='word_1_192' title='bbox 1339 2819 1460 2882; x_wconf 82' lang='lat' dir='ltr'>satisfa-</span> 
     </span>
     <span class='ocr_line' id='line_1_24' title="bbox 289 2919 1459 3001; baseline 0.002 -22"><span class='ocrx_word' id='word_1_193' title='bbox 289 2919 424 2980; x_wconf 90' lang='lat' dir='ltr'>ciendum</span> <span class='ocrx_word' id='word_1_194' title='bbox 449 2920 586 2982; x_wconf 86' lang='lat' dir='ltr'>humanis</span> <span class='ocrx_word' id='word_1_195' title='bbox 608 2924 832 2984; x_wconf 88' lang='lat' dir='ltr'>necessitatibus</span> <span class='ocrx_word' id='word_1_196' title='bbox 860 2922 1092 3001; x_wconf 84' lang='lat' dir='ltr'>evolvendasque</span> <span class='ocrx_word' id='word_1_197' title='bbox 1120 2923 1208 2995; x_wconf 88' lang='lat' dir='ltr'>uires,</span> <span class='ocrx_word' id='word_1_198' title='bbox 1232 2920 1341 3000; x_wconf 88' lang='lat' dir='ltr'>quibus</span> <span class='ocrx_word' id='word_1_199' title='bbox 1367 2920 1459 2982; x_wconf 90' lang='lat' dir='ltr'>lrcmo</span> 
     </span>
     <span class='ocr_line' id='line_1_25' title="bbox 288 3016 1458 3098; baseline 0.002 -21"><span class='ocrx_word' id='word_1_200' title='bbox 288 3016 326 3078; x_wconf 87' lang='lat' dir='ltr'>ad</span> <span class='ocrx_word' id='word_1_201' title='bbox 342 3017 545 3094; x_wconf 86' lang='lat' dir='ltr'>perlectionem</span> <span class='ocrx_word' id='word_1_202' title='bbox 561 3019 619 3082; x_wconf 86' lang='lat' dir='ltr'>sibi</span> <span class='ocrx_word' id='word_1_203' title='bbox 634 3028 857 3084; x_wconf 89' lang='lat' dir='ltr'>consentaneam</span> <span class='ocrx_word' id='word_1_204' title='bbox 874 3021 985 3082; x_wconf 89' lang='lat' dir='ltr'>nititur.</span> <span class='ocrx_word' id='word_1_205' title='bbox 1000 3018 1153 3083; x_wconf 83' lang='lat' dir='ltr'>Eiusmodi</span> <span class='ocrx_word' id='word_1_206' title='bbox 1170 3020 1262 3098; x_wconf 82' lang='lat' dir='ltr'>igitur</span> <span class='ocrx_word' id='word_1_207' title='bbox 1275 3019 1458 3081; x_wconf 84' lang='lat' dir='ltr'>familiarum</span> 
     </span>
     <span class='ocr_line' id='line_1_26' title="bbox 288 3115 1460 3198; baseline 0.002 -22"><span class='ocrx_word' id='word_1_208' title='bbox 288 3115 482 3193; x_wconf 80' lang='lat' dir='ltr'>congregatio,</span> <span class='ocrx_word' id='word_1_209' title='bbox 501 3116 559 3180; x_wconf 86' lang='lat' dir='ltr'>iam</span> <span class='ocrx_word' id='word_1_210' title='bbox 580 3126 664 3181; x_wconf 89' lang='lat' dir='ltr'>antea</span> <span class='ocrx_word' id='word_1_211' title='bbox 686 3120 715 3181; x_wconf 92' lang='lat' dir='ltr'>in</span> <span class='ocrx_word' id='word_1_212' title='bbox 737 3121 819 3182; x_wconf 90' lang='lat' dir='ltr'>vicos</span> <span class='ocrx_word' id='word_1_213' title='bbox 839 3125 869 3181; x_wconf 89' lang='lat' dir='ltr'>et</span> <span class='ocrx_word' id='word_1_214' title='bbox 890 3134 982 3198; x_wconf 80' lang='lat' dir='ltr'>pagos</span> <span class='ocrx_word' id='word_1_215' title='bbox 1003 3118 1239 3192; x_wconf 88' lang='lat' dir='ltr'>coalescentium,</span> <span class='ocrx_word' id='word_1_216' title='bbox 1251 3133 1328 3197; x_wconf 86' lang='lat' dir='ltr'>qnae</span> <span class='ocrx_word' id='word_1_217' title='bbox 1349 3115 1460 3179; x_wconf 88' lang='lat' dir='ltr'>subve-</span> 
     </span>
     <span class='ocr_line' id='line_1_27' title="bbox 289 3211 1459 3296; baseline 0.003 -23"><span class='ocrx_word' id='word_1_218' title='bbox 289 3211 386 3274; x_wconf 92' lang='lat' dir='ltr'>niendi</span> <span class='ocrx_word' id='word_1_219' title='bbox 408 3213 552 3276; x_wconf 86' lang='lat' dir='ltr'>humanae</span> <span class='ocrx_word' id='word_1_220' title='bbox 572 3215 749 3295; x_wconf 79' lang='lat' dir='ltr'>indigentiae</span> <span class='ocrx_word' id='word_1_221' title='bbox 769 3226 801 3280; x_wconf 90' lang='lat' dir='ltr'>et</span> <span class='ocrx_word' id='word_1_222' title='bbox 822 3216 1051 3296; x_wconf 84' lang='lat' dir='ltr'>perfectibilitati</span> <span class='ocrx_word' id='word_1_223' title='bbox 1070 3216 1246 3279; x_wconf 86' lang='lat' dir='ltr'>sufficientia</span> <span class='ocrx_word' id='word_1_224' title='bbox 1264 3216 1364 3277; x_wconf 86' lang='lat' dir='ltr'>media</span> <span class='ocrx_word' id='word_1_225' title='bbox 1378 3230 1459 3277; x_wconf 91' lang='lat' dir='ltr'>eom·</span> 
     </span>
     <span class='ocr_line' id='line_1_28' title="bbox 290 3309 1461 3394; baseline 0.001 -23"><span class='ocrx_word' id='word_1_226' title='bbox 290 3309 438 3388; x_wconf 89' lang='lat' dir='ltr'>plectitur,</span> <span class='ocrx_word' id='word_1_227' title='bbox 459 3312 568 3374; x_wconf 80' lang='lat' dir='ltr'>civitas</span> <span class='ocrx_word' id='word_1_228' title='bbox 593 3323 792 3392; x_wconf 66' lang='lat' dir='ltr'>nuncupatum</span> <span class='ocrx_word' id='word_1_229' title='bbox 814 3330 890 3394; x_wconf 88' lang='lat' dir='ltr'>quae</span> <span class='ocrx_word' id='word_1_230' title='bbox 916 3313 1035 3392; x_wconf 90' lang='lat' dir='ltr'>proinde</span> <span class='ocrx_word' id='word_1_231' title='bbox 1060 3312 1175 3376; x_wconf 86' lang='lat' dir='ltr'>deliniri</span> <span class='ocrx_word' id='word_1_232' title='bbox 1202 3319 1314 3391; x_wconf 89' lang='lat' dir='ltr'>posset:</span> <span class='ocrx_word' id='word_1_233' title='bbox 1343 3309 1461 3375; x_wconf 73' lang='lat' dir='ltr'>Coetus</span> 
     </span>
     <span class='ocr_line' id='line_1_29' title="bbox 287 3397 1461 3490; baseline 0.003 -21"><span class='ocrx_word' id='word_1_234' title='bbox 287 3397 445 3487; x_wconf 72' lang='lat' dir='ltr'>perfectus</span> <span class='ocrx_word' id='word_1_235' title='bbox 456 3405 624 3484; x_wconf 76' lang='lat' dir='ltr'>hominum,</span> <span class='ocrx_word' id='word_1_236' title='bbox 633 3411 750 3474; x_wconf 77' lang='lat' dir='ltr'>turtum</span> <span class='ocrx_word' id='word_1_237' title='bbox 763 3411 945 3476; x_wconf 79' lang='lat' dir='ltr'>tuendorum</span> <span class='ocrx_word' id='word_1_238' title='bbox 956 3415 986 3474; x_wconf 78' lang='lat' dir='ltr'>et</span> <span class='ocrx_word' id='word_1_239' title='bbox 997 3411 1167 3476; x_wconf 78' lang='lat' dir='ltr'>communis</span> <span class='ocrx_word' id='word_1_240' title='bbox 1177 3409 1340 3490; x_wconf 76' lang='lat' dir='ltr'>felicitatis</span> <span class='ocrx_word' id='word_1_241' title='bbox 1347 3410 1461 3490; x_wconf 78' lang='lat' dir='ltr'>pratia</span> 
     </span>
     <span class='ocr_line' id='line_1_30' title="bbox 290 3505 1459 3590; baseline 0.001 -22"><span class='ocrx_word' id='word_1_242' title='bbox 290 3505 426 3569; x_wconf 72' lang='lat' dir='ltr'>coriolos</span> <span class='ocrx_word' id='word_1_243' title='bbox 441 3506 493 3586; x_wconf 83' lang='lat' dir='ltr'>(ll.</span> <span class='ocrx_word' id='word_1_244' title='bbox 514 3505 596 3571; x_wconf 87' lang='lat' dir='ltr'>Haec</span> <span class='ocrx_word' id='word_1_245' title='bbox 618 3509 754 3583; x_wconf 88' lang='lat' dir='ltr'>societas,</span> <span class='ocrx_word' id='word_1_246' title='bbox 771 3517 804 3572; x_wconf 90' lang='lat' dir='ltr'>ut</span> <span class='ocrx_word' id='word_1_247' title='bbox 826 3516 916 3590; x_wconf 88' lang='lat' dir='ltr'>patet,</span> <span class='ocrx_word' id='word_1_248' title='bbox 937 3525 1029 3573; x_wconf 88' lang='lat' dir='ltr'>novas</span> <span class='ocrx_word' id='word_1_249' title='bbox 1050 3509 1206 3572; x_wconf 86' lang='lat' dir='ltr'>relationes</span> <span class='ocrx_word' id='word_1_250' title='bbox 1227 3508 1340 3572; x_wconf 92' lang='lat' dir='ltr'>homini</span> <span class='ocrx_word' id='word_1_251' title='bbox 1360 3509 1459 3582; x_wconf 76' lang='lat' dir='ltr'>affert,</span> 
     </span>
    </p>
   </div>
   <div class='ocr_carea' id='block_1_6' title="bbox 292 3682 1465 4146">
    <p class='ocr_par' dir='ltr' id='par_1_6' title="bbox 292 3682 1465 4146">
     <span class='ocr_line' id='line_1_31' title="bbox 337 3682 1461 3749; baseline 0 -18"><span class='ocrx_word' id='word_1_252' title='bbox 337 3682 371 3748; x_wconf 83' lang='lat'>(1)</span> <span class='ocrx_word' id='word_1_253' title='bbox 389 3683 478 3732; x_wconf 79' lang='lat' dir='ltr'>«Cum</span> <span class='ocrx_word' id='word_1_254' title='bbox 494 3685 576 3733; x_wconf 90' lang='lat' dir='ltr'>omnis</span> <span class='ocrx_word' id='word_1_255' title='bbox 591 3686 784 3734; x_wconf 87' lang='lat' dir='ltr'>communicatio</span> <span class='ocrx_word' id='word_1_256' title='bbox 806 3686 937 3735; x_wconf 90' lang='lat' dir='ltr'>hominurn</span> <span class='ocrx_word' id='word_1_257' title='bbox 959 3686 1093 3735; x_wconf 82' lang='lat' dir='ltr'>ordinetur</span> <span class='ocrx_word' id='word_1_258' title='bbox 1114 3685 1148 3735; x_wconf 83' lang='lat' dir='ltr'>ad</span> <span class='ocrx_word' id='word_1_259' title='bbox 1169 3683 1265 3749; x_wconf 84' lang='lat' dir='ltr'>aliquid</span> <span class='ocrx_word' id='word_1_260' title='bbox 1285 3683 1461 3733; x_wconf 74' lang='lat' dir='ltr'>necessarium</span> 
     </span>
     <span class='ocr_line' id='line_1_32' title="bbox 292 3763 1462 3830; baseline 0.004 -24"><span class='ocrx_word' id='word_1_261' title='bbox 292 3763 366 3822; x_wconf 84' lang='lat' dir='ltr'>vitae,</span> <span class='ocrx_word' id='word_1_262' title='bbox 382 3763 424 3813; x_wconf 84' lang='lat' dir='ltr'>itta</span> <span class='ocrx_word' id='word_1_263' title='bbox 439 3765 487 3815; x_wconf 88' lang='lat' dir='ltr'>erit</span> <span class='ocrx_word' id='word_1_264' title='bbox 504 3764 617 3828; x_wconf 83' lang='lat' dir='ltr'>perfecta</span> <span class='ocrx_word' id='word_1_265' title='bbox 632 3765 808 3823; x_wconf 86' lang='lat' dir='ltr'>communitas,</span> <span class='ocrx_word' id='word_1_266' title='bbox 824 3780 889 3830; x_wconf 85' lang='lat' dir='ltr'>quae</span> <span class='ocrx_word' id='word_1_267' title='bbox 905 3765 1036 3815; x_wconf 84' lang='lat' dir='ltr'>ordinatur</span> <span class='ocrx_word' id='word_1_268' title='bbox 1054 3766 1088 3815; x_wconf 84' lang='lat' dir='ltr'>ad</span> <span class='ocrx_word' id='word_1_269' title='bbox 1108 3766 1158 3814; x_wconf 89' lang='lat' dir='ltr'>hoc</span> <span class='ocrx_word' id='word_1_270' title='bbox 1179 3765 1249 3829; x_wconf 86' lang='lat' dir='ltr'>quod</span> <span class='ocrx_word' id='word_1_271' title='bbox 1271 3765 1349 3813; x_wconf 90' lang='lat' dir='ltr'>homo</span> <span class='ocrx_word' id='word_1_272' title='bbox 1366 3764 1462 3813; x_wconf 81' lang='lat' dir='ltr'>habeat</span> 
     </span>
     <span class='ocr_line' id='line_1_33' title="bbox 292 3843 1464 3910; baseline 0 -18"><span class='ocrx_word' id='word_1_273' title='bbox 292 3844 444 3894; x_wconf 84' lang='lat' dir='ltr'>sufficienter</span> <span class='ocrx_word' id='word_1_274' title='bbox 459 3845 577 3910; x_wconf 87' lang='lat' dir='ltr'>quicquid</span> <span class='ocrx_word' id='word_1_275' title='bbox 594 3851 634 3894; x_wconf 86' lang='lat' dir='ltr'>est</span> <span class='ocrx_word' id='word_1_276' title='bbox 649 3847 822 3896; x_wconf 85' lang='lat' dir='ltr'>necessarlum</span> <span class='ocrx_word' id='word_1_277' title='bbox 838 3845 871 3894; x_wconf 87' lang='lat' dir='ltr'>ad</span> <span class='ocrx_word' id='word_1_278' title='bbox 887 3846 971 3894; x_wconf 83' lang='lat' dir='ltr'>vitam.</span> <span class='ocrx_word' id='word_1_279' title='bbox 988 3845 1057 3894; x_wconf 86' lang='lat' dir='ltr'>Talis</span> <span class='ocrx_word' id='word_1_280' title='bbox 1080 3850 1166 3894; x_wconf 87' lang='lat' dir='ltr'>antem</span> <span class='ocrx_word' id='word_1_281' title='bbox 1188 3845 1358 3894; x_wconf 82' lang='lat' dir='ltr'>communitas</span> <span class='ocrx_word' id='word_1_282' title='bbox 1376 3849 1415 3892; x_wconf 89' lang='lat' dir='ltr'>est</span> <span class='ocrx_word' id='word_1_283' title='bbox 1431 3843 1464 3892; x_wconf 85' lang='lat' dir='ltr'>ci·</span> 
     </span>
     <span class='ocr_line' id='line_1_34' title="bbox 293 3923 1464 3989; baseline 0.003 -20"><span class='ocrx_word' id='word_1_284' title='bbox 293 3923 364 3972; x_wconf 84' lang='lat' dir='ltr'>vitas.</span> <span class='ocrx_word' id='word_1_285' title='bbox 381 3925 426 3974; x_wconf 78' lang='lat' dir='ltr'>Est</span> <span class='ocrx_word' id='word_1_286' title='bbox 442 3927 508 3974; x_wconf 87' lang='lat' dir='ltr'>enirn</span> <span class='ocrx_word' id='word_1_287' title='bbox 525 3927 555 3974; x_wconf 88' lang='lat' dir='ltr'>de</span> <span class='ocrx_word' id='word_1_288' title='bbox 573 3927 671 3976; x_wconf 85' lang='lat' dir='ltr'>ratione</span> <span class='ocrx_word' id='word_1_289' title='bbox 682 3927 790 3975; x_wconf 85' lang='lat' dir='ltr'>civitatis</span> <span class='ocrx_word' id='word_1_290' title='bbox 803 3925 872 3988; x_wconf 87' lang='lat' dir='ltr'>quod</span> <span class='ocrx_word' id='word_1_291' title='bbox 887 3926 913 3975; x_wconf 92' lang='lat' dir='ltr'>in</span> <span class='ocrx_word' id='word_1_292' title='bbox 930 3940 960 3973; x_wconf 85' lang='lat' dir='ltr'>ea</span> <span class='ocrx_word' id='word_1_293' title='bbox 970 3925 1131 3974; x_wconf 84' lang='lat' dir='ltr'>inveniantur</span> <span class='ocrx_word' id='word_1_294' title='bbox 1148 3926 1233 3974; x_wconf 88' lang='lat' dir='ltr'>omnia</span> <span class='ocrx_word' id='word_1_295' title='bbox 1249 3937 1315 3989; x_wconf 83' lang='lat' dir='ltr'>quae</span> <span class='ocrx_word' id='word_1_296' title='bbox 1332 3924 1464 3973; x_wconf 87' lang='lat' dir='ltr'>sufficiunt</span> 
     </span>
     <span class='ocr_line' id='line_1_35' title="bbox 293 4001 1463 4070; baseline 0.006 -22"><span class='ocrx_word' id='word_1_297' title='bbox 293 4001 326 4049; x_wconf 86' lang='lat' dir='ltr'>ad</span> <span class='ocrx_word' id='word_1_298' title='bbox 342 4004 419 4052; x_wconf 85' lang='lat' dir='ltr'>vitam</span> <span class='ocrx_word' id='word_1_299' title='bbox 436 4007 580 4067; x_wconf 83' lang='lat' dir='ltr'>humanam,</span> <span class='ocrx_word' id='word_1_300' title='bbox 597 4007 662 4056; x_wconf 85' lang='lat' dir='ltr'>sicut</span> <span class='ocrx_word' id='word_1_301' title='bbox 679 4007 805 4070; x_wconf 81' lang='lat' dir='ltr'>contingit</span> <span class='ocrx_word' id='word_1_302' title='bbox 815 4021 880 4055; x_wconf 85' lang='lat' dir='ltr'>esse.</span> <span class='ocrx_word' id='word_1_303' title='bbox 893 4005 924 4055; x_wconf 80' lang='lat' dir='ltr'>tte</span> <span class='ocrx_word' id='word_1_304' title='bbox 936 4011 1039 4069; x_wconf 86' lang='lat' dir='ltr'>propter</span> <span class='ocrx_word' id='word_1_305' title='bbox 1055 4007 1104 4055; x_wconf 91' lang='lat' dir='ltr'>hoc</span> <span class='ocrx_word' id='word_1_306' title='bbox 1119 4007 1281 4070; x_wconf 84' lang='lat' dir='ltr'>componitur</span> <span class='ocrx_word' id='word_1_307' title='bbox 1297 4020 1329 4054; x_wconf 87' lang='lat' dir='ltr'>ex</span> <span class='ocrx_word' id='word_1_308' title='bbox 1345 4005 1463 4070; x_wconf 83' lang='lat' dir='ltr'>pluribus</span> 
     </span>
     <span class='ocr_line' id='line_1_36' title="bbox 294 4079 1465 4146; baseline 0.011 -20"><span class='ocrx_word' id='word_1_309' title='bbox 294 4079 363 4140; x_wconf 89' lang='lat' dir='ltr'>vicis,</span> <span class='ocrx_word' id='word_1_310' title='bbox 379 4083 404 4130; x_wconf 92' lang='lat' dir='ltr'>in</span> <span class='ocrx_word' id='word_1_311' title='bbox 422 4099 528 4146; x_wconf 86' lang='lat' dir='ltr'>quorum</span> <span class='ocrx_word' id='word_1_312' title='bbox 546 4102 594 4136; x_wconf 90' lang='lat' dir='ltr'>unc</span> <span class='ocrx_word' id='word_1_313' title='bbox 611 4095 758 4137; x_wconf 82' lang='lat' dir='ltr'>exerceatur</span> <span class='ocrx_word' id='word_1_314' title='bbox 774 4102 818 4136; x_wconf 86' lang='lat' dir='ltr'>ars</span> <span class='ocrx_word' id='word_1_315' title='bbox 834 4086 939 4144; x_wconf 83' lang='lat' dir='ltr'>fabrilis,</span> <span class='ocrx_word' id='word_1_316' title='bbox 955 4087 980 4135; x_wconf 90' lang='lat' dir='ltr'>in</span> <span class='ocrx_word' id='word_1_317' title='bbox 996 4085 1045 4136; x_wconf 82' lang='lat' dir='ltr'>alio</span> <span class='ocrx_word' id='word_1_318' title='bbox 1062 4101 1105 4136; x_wconf 85' lang='lat' dir='ltr'>ars</span> <span class='ocrx_word' id='word_1_319' title='bbox 1122 4087 1238 4146; x_wconf 82' lang='lat' dir='ltr'>textoria,</span> <span class='ocrx_word' id='word_1_320' title='bbox 1253 4093 1280 4136; x_wconf 87' lang='lat' dir='ltr'>et</span> <span class='ocrx_word' id='word_1_321' title='bbox 1296 4086 1334 4136; x_wconf 87' lang='lat' dir='ltr'>sic</span> <span class='ocrx_word' id='word_1_322' title='bbox 1350 4087 1382 4136; x_wconf 89' lang='lat' dir='ltr'>de</span> <span class='ocrx_word' id='word_1_323' title='bbox 1398 4085 1465 4140; x_wconf 82' lang='lat' dir='ltr'>aliis.</span> 
     </span>
    </p>
   </div>
   <div class='ocr_carea' id='block_1_7' title="bbox 294 4161 1465 4298">
    <p class='ocr_par' dir='ltr' id='par_1_7' title="bbox 294 4161 1465 4298">
     <span class='ocr_line' id='line_1_37' title="bbox 294 4161 1465 4231; baseline 0.007 -20"><span class='ocrx_word' id='word_1_324' title='bbox 294 4161 367 4211; x_wconf 87' lang='lat' dir='ltr'>Unde</span> <span class='ocrx_word' id='word_1_325' title='bbox 382 4165 543 4215; x_wconf 82' lang='lat' dir='ltr'>manifestum</span> <span class='ocrx_word' id='word_1_326' title='bbox 559 4173 599 4217; x_wconf 83' lang='lat' dir='ltr'>eet</span> <span class='ocrx_word' id='word_1_327' title='bbox 616 4169 683 4231; x_wconf 91' lang='lat' dir='ltr'>quod</span> <span class='ocrx_word' id='word_1_328' title='bbox 694 4169 782 4218; x_wconf 85' lang='lat' dir='ltr'>civitas</span> <span class='ocrx_word' id='word_1_329' title='bbox 794 4175 834 4219; x_wconf 85' lang='lat' dir='ltr'>eet</span> <span class='ocrx_word' id='word_1_330' title='bbox 850 4166 1019 4216; x_wconf 81' lang='lat' dir='ltr'>communitae</span> <span class='ocrx_word' id='word_1_331' title='bbox 1035 4167 1154 4230; x_wconf 69' lang='lat' dir='ltr'>perfecto,</span> <span class='ocrx_word' id='word_1_332' title='bbox 1166 4185 1180 4212; x_wconf 85' lang='lat'><strong>»</strong></span> <span class='ocrx_word' id='word_1_333' title='bbox 1194 4167 1220 4217; x_wconf 88' lang='lat' dir='ltr'>S.</span> <span class='ocrx_word' id='word_1_334' title='bbox 1231 4167 1317 4218; x_wconf 78' lang='lat' dir='ltr'>Tuon.</span> <span class='ocrx_word' id='word_1_335' title='bbox 1329 4168 1354 4218; x_wconf 92' lang='lat' dir='ltr'>in</span> <span class='ocrx_word' id='word_1_336' title='bbox 1367 4169 1409 4218; x_wconf 88' lang='lat'>1.·</span> <span class='ocrx_word' id='word_1_337' title='bbox 1419 4170 1465 4219; x_wconf 76' lang='lat' dir='ltr'>Po</span> 
     </span>
     <span class='ocr_line' id='line_1_38' title="bbox 295 4242 549 4298; baseline 0.004 -6"><span class='ocrx_word' id='word_1_338' title='bbox 295 4242 444 4298; x_wconf 80' lang='lat' dir='ltr'>liticorum,</span> <span class='ocrx_word' id='word_1_339' title='bbox 461 4245 516 4294; x_wconf 87' lang='lat' dir='ltr'>lect.</span> <span class='ocrx_word' id='word_1_340' title='bbox 531 4246 549 4294; x_wconf 89' lang='lat'>1.</span> 
     </span>
    </p>
   </div>
   <div class='ocr_carea' id='block_1_8' title="bbox 0 0 1601 4934">
    <p class='ocr_par' dir='ltr' id='par_1_8' title="bbox 0 0 1601 4934">
     <span class='ocr_line' id='line_1_39' title="bbox 0 0 1601 4934; baseline 0 0"><span class='ocrx_word' id='word_1_341' title='bbox 0 0 1601 4934; x_wconf 95' lang='lat' dir='ltr'> </span> 
     </span>
    </p>
   </div>
  </div>
 </body>
</html>
