3159 4934
327 275 331 285 ’
400 303 839 350 carurn.nns0crnrarnc1vur
1149 291 1201 349 tbi

31 431 121 496 quae,
141 418 212 496 qnia
240 418 360 497 scriptis
386 420 582 499 consignatur,
607 411 728 484 Obarta
749 419 848 484 vocari
876 421 961 495 solet,
981 421 1144 484 auctoritas
1172 420 1203 484 in

33 516 111 578 trina
133 513 223 580 veluti
245 517 376 580 membra
398 517 560 581 dividatur:
582 518 611 581 iu
633 515 757 598 diepam,
780 517 830 596 qui
852 534 910 581 una
930 533 999 582 cum
1021 519 1204 582 administris

31 621 180 691 potestate
200 614 309 692 gaudet
329 615 508 690 exsecutio,
528 623 558 679 et
586 616 616 678 in
642 615 765 695 collegia
793 616 862 695 dno,
884 632 974 680 unum
1000 613 1203 696 Opiternium,

29 711 158 774 alterum
180 708 419 791 Deputatoram‚
437 729 514 793 quae
534 714 650 794 legibus
669 713 864 777 discutiendis
884 723 914 778 et
934 715 1099 780 sciscendis
1120 729 1207 793 prae·

30 810 173 873 ficiuntur
189 809 240 889 (l).

75 904 126 972 70.
141 905 254 989 ouibus
272 904 428 994 principiis
442 906 675 994 superstruitur.
688 907 934 984 Fundamentum,
948 910 978 973 in
991 925 1051 989 quo
1064 909 1116 972 laic
1132 908 1206 987 poli·

30 1006 115 1069 tinus
135 1006 353 1069 mechanismus
373 1007 487 1081 nititur,
504 1015 551 1070 est
571 1009 650 1086 quod
672 1024 823 1072 summunt
843 1008 1000 1087 imperium
1021 1015 1127 1072 natura
1148 1023 1203 1070 sna

33 1119 126 1182 penes
146 1103 286 1182 populum
307 1105 360 1179 sit;
380 1105 442 1183 qni,
463 1121 530 1168 cum
553 1114 677 1184 neqrteat
698 1121 802 1184 perse
831 1107 913 1185 teges
934 1106 1067 1179 condere,
1087 1104 1204 1183 aliquos

29 1203 120 1282 eligit
139 1204 189 1282 qui
211 1219 266 1267 suo
286 1206 402 1268 nomine
425 1203 492 1267 illas
516 1205 618 1266 ierant.
642 1202 756 1282 Scopas
781 1219 850 1269 vero
872 1212 927 1278 est,
950 1211 984 1267 ut
1011 1201 1203 1281 impossibilis

30 1301 175 1364 reddatur
192 1303 345 1378 potestatis
358 1303 478 1364 abusus.
491 1299 620 1365 Medium
636 1303 760 1380 denique
774 1301 881 1365 divisio
894 1303 1087 1376 functionum,
1101 1307 1205 1363 aucto·

30 1399 115 1460 ritati
140 1400 385 1476 competentium
406 1415 442 1462 ex
463 1414 521 1477 qua
549 1415 652 1462 aarum
678 1407 780 1462 mutua
811 1400 948 1464 limitatio
978 1400 1100 1463 oriatur.
1124 1395 1203 1462 Hinc

30 1498 159 1575 collegio
176 1495 392 1576 Deputatnrnm
417 1499 574 1576 opponitur
600 1496 754 1576 collegium
775 1494 980 1576 Optimatum;
1000 1504 1030 1560 et
1058 1497 1204 1575 utrisque,

32 1611 67 1658 ne
88 1595 208 1674 legibus
228 1595 388 1658 sciscendis
408 1596 609 1658 exsecutivam
631 1603 808 1674 potestatem
829 1595 993 1672 destruant,
1014 1595 1202 1659 obstaculum

31 1695 205 1773 adiungitur
219 1695 317 1772 regiae
331 1694 502 1767 sanctionis,
516 1709 591 1772 quae
612 1693 650 1756 ad
666 1693 745 1772 leges
759 1692 920 1756 firmandas
935 1692 1103 1771 requiritur.
1119 1689 1203 1754 Pote-

31 1803 96 1854 stas
112 1791 281 1856 exseeutiva
298 1791 407 1856 limites
421 1791 530 1869 accipit
545 1799 663 1870 propter
676 1789 988 1871 responsabiiitatem‚
1003 1806 1062 1868 qua
1075 1787 1203 1852 Ministri

31 1890 177 1952 rationem
193 1888 314 1952 reddare
328 1897 462 1952 tenentur
479 1890 612 1967 potestati
628 1887 811 1966 legislativae
824 1890 861 1951 de
881 1889 927 1964 iis,
941 1903 1018 1967 quae
1031 1897 1205 1964 operantum

31 2003 47 2047 a
68 2003 133 2064 qua
149 1985 268 2063 proinde
282 1985 407 2048 iudicari
421 1992 450 2047 et
471 1986 567 2064 puniri
584 1995 715 2063 possunt.
732 1983 788 2049 Sed
803 2002 838 2048 ne
852 1985 963 2049 iunctio
983 1986 1035 2048 illa
1049 1985 1207 2064 potestatis

31 2085 127 2148 nimio
146 2083 278 2162 periculo
290 2091 469 2162 cauponatum
482 2084 546 2146 eius
566 2092 666 2161 caput,
681 2099 784 2162 nempe
806 2081 880 2160 Rex,
895 2081 1073 2146 inuiolabile
1086 2083 1204 2146 omnino

34 2187 75 2245 iit.
99 2183 243 2246 Attamen
264 2198 316 2260 per
338 2199 369 2246 se
390 2182 464 2244 nihil
484 2183 580 2246 lacere
601 2191 698 2260 potest
711 2183 773 2248 sine
794 2197 936 2246 consensu
950 2182 1203 2259 administrorum‚

32 2290 62 2343 et
85 2281 198 2344 idcireo
217 2283 330 2360 repetat
348 2279 405 2344 sed
423 2297 488 2343 raon
504 2279 667 2360 perberaei.
683 2279 728 2344 En
748 2281 838 2344 buius
858 2267 1013 2344 michinae
1030 2279 1204 2355 breuissima

32 2379 234 2453 adumbratio,
261 2379 298 2443 de
325 2394 382 2458 qua
411 2379 481 2457 quid
514 2380 697 2442 sentiendum
725 2379 773 2457 sit,
802 2386 957 2459 sequentes
991 2378 1203 2456 propositiones

33 2477 241 2542 declarabunt.

462 2670 782 2739 PROPOSITIONES.

74 2868 127 2934 71.
142 2868 318 2933 Pnoeosrrro
336 2869 376 2934 1⁸.
391 2868 481 2934 Haec
499 2869 636 2948 formam
655 2870 828 2950 repimirtis,
844 2868 915 2932 ticet
934 2867 1073 2931 motata
1092 2865 1207 2947 imper·

33 2971 119 3047 t'eeto
145 2970 199 3044 sit,
223 2972 325 3032 tamea
350 2967 479 3032 relative
496 2969 715 3048 praestantior
741 2967 849 3032 cetera
868 2983 935 3029 esse
950 2968 1073 3045 potest;
1094 2967 1125 3027 et
1152 2961 1206 3026 ubi

36 3069 172 3150 lepita'me
191 3065 371 3130 introducta
391 3071 447 3141 eet,
461 3068 541 3130 cives
562 3067 606 3131 ad
623 3065 825 3130 obedientiam
846 3064 970 3146 obb‘pat.

75 3165 164 3230 Prob.
186 3163 286 3229 Prima
306 3181 374 3243 pars
394 3165 517 3228 libenter
538 3166 707 3228 conceditur
728 3165 766 3228 ab
787 3166 835 3238 iis,
855 3163 917 3242 qui,
939 3164 1061 3226 semotis
1084 3148 1206 3240 'praeiu-

36 3265 134 3339 diciis,
155 3281 216 3328 rem
238 3265 276 3327 ad
297 3265 418 3327 rationis
438 3263 573 3326 incudem
596 3270 740 3326 revocant.
753 3259 829 3325 Nam
851 3268 1002 3324 structura
1023 3260 1113 3322 buius
1128 3257 1204 3336 regi-

36 3365 125 3427 minis
139 3371 200 3427 tota
215 3370 385 3442 quanta-cst
400 3364 460 3424 buc
474 3368 599 3438 spectat,
614 3369 647 3423 ut
661 3361 865 3444 auctoritatem
881 3360 1059 3438 tripartitam
1075 3357 1206 3428 inducat,

35 3477 103 3524 cum
125 3461 301 3541 aequilibrio
321 3460 458 3538 partium.
479 3457 665 3537 Quapropter
687 3473 843 3536 supremae
865 3455 1018 3533 potestatis
1040 3454 1204 3518 subiectum

35 3559 153 3633 scindit,
162 3574 286 3638 eamque
308 3574 364 3620 non
385 3563 446 3619 tam
468 3563 724 3634 temperaturam
747 3557 846 3633 potius
868 3555 1009 3631 discerpit
1029 3553 1106 3615 inter
1119 3549 1205 3614 Prin-

36 3649 322 3735 cipi‘tby'optimates
343 3662 373 3717 et
394 3654 541 3732 poputum.
558 3650 641 3726 Quod
664 3655 732 3716 lieet
752 3655 901 3716 abstracte
922 3650 1089 3744 speciosum
1113 3650 1204 3712 videri

37 3761 148 3832 posset,
169 3762 265 3816 tamen
287 3754 317 3815 in
338 3761 475 3816 concreto
496 3752 632 3815 vitiosum
654 3761 714 3826 est;
739 3751 884 3830 siquidem
908 3750 1083 3827 principium
1104 3748 1203 3825 ipsum

37 3851 149 3915 ordinis
169 3853 281 3914 unitate
302 3851 449 3914 destituit:
472 3851 529 3912 bac
549 3859 649 3911 autem
670 3850 800 3926 dempta,
820 3862 908 3924 aegre
928 3847 1087 3909 admodum
1102 3862 1162 3925 pax
1176 3856 1207 3908 et

37 3950 250 4030 tranquillitas,
264 3965 340 4028 quae
361 3948 522 4011 marimum
543 3947 650 4010 bonurn
665 3955 711 4008 est
732 3943 921 4023 reipublicae,
934 3944 964 4005 in
986 3944 1126 4007 societate
1144 3958 1209 4006 ser·

82 4117 116 4178 tl)
135 4116 215 4166 «Une
232 4125 313 4173 carte,
329 4131 364 4164 un
380 4115 417 4163 roi
435 4120 460 4164 et
476 4114 541 4162 deux
557 4113 699 4169 chambres.
715 4112 781 4162 voiltt
797 4119 852 4161 tout
869 4113 891 4161 le
908 4112 1081 4162 me'chanisme
1097 4111 1132 4162 du
1144 4127 1205 4176 gou-

38 4208 184 4247 vernement
207 4195 419 4260 representatis.»
444 4193 549 4250 Gousru.
577 4194 661 4241 Cottas
681 4193 776 4242 d'br'st.
799 4193 831 4242 de
856 4193 883 4241 la
899 4193 1073 4256 philosophie
1092 4194 1207 4246 morale,

39 4278 94 4328 leet.
111 4279 152 4330 lX.
