3159 4934
273 361 358 409 carra
377 360 411 403 ur.
431 360 466 402 aa
483 358 622 403 scelerare
639 360 786 415 numerosa,
805 360 916 405 murnum
935 360 1059 405 auctusne
1201 346 1254 403 319

122 473 222 553 Atque
237 474 307 536 hinc
317 473 450 551 sequitur
462 474 608 536 eiusmodi
621 472 669 535 ius
684 481 746 537 tam
760 491 879 538 sacrum
891 491 957 538 esse
972 482 1060 554 atquc
1073 474 1253 547 inviolabile,

78 588 171 653 quam
193 587 312 634 sacrum
326 579 358 658 et
371 571 537 635 inviolabile
549 579 598 635 est
611 572 657 635 lus
673 573 823 652 propriam
844 574 1044 663 exsistptiam
1060 574 1198 637 servandi
1217 589 1253 636 ae

33 678 176 749 «putam
190 669 348 745 efficiendi;
363 669 441 747 quod
462 670 508 731 ius
529 670 559 733 in
580 666 724 746 Ecclesia,
739 678 772 735 ut
794 672 932 751 diximus,
948 671 1079 734 divinum
1096 678 1152 733 est.
1177 669 1253 733 Cou-

78 767 212 832 luuditur
224 784 270 830 em
317 777 383 830 cum
398 767 542 847 ipsaiure
562 765 685 843 Christi,
706 770 791 833 cuius
811 766 948 833 Ecclesia
970 784 1079 848 corpus
1100 776 1145 831 est
1163 775 1193 831 ct
1207 784 1252 831 re·

78 882 182 951 8⁰⁰⁰}
1236 870 1266 903 κ’

98 950 191 1027 ⁸130.
218 962 393 1027 Paorosrrro
422 959 466 1026 θ’.
493 962 654 1032 Ecclesiae
680 964 902 1045 compactitius
933 963 1122 1029 instituendi
1148 968 1251 1029 coctas
1294 973 1298 982 “

59 1071 188 1125 'sacros
199 1078 256 1124 sca
275 1063 411 1125 minores
432 1061 684 1140 consociatioacs,
696 1062 729 1125 oi
749 1081 886 1142 quoram
907 1062 1025 1142 fideles,
1041 1064 1095 1143 pai
1108 1065 1251 1143 capiant,

77 1160 294 1225 determinatis
314 1158 432 1243 tepidum
453 1160 512 1225 sab
529 1162 683 1243 repimr'ae
701 1162 874 1242 peculiaria
896 1163 1106 1239 auctoritatis,
1128 1160 1167 1225 ab
1188 1160 1251 1227 Ea-

77 1258 176 1323 ctesia
195 1258 407 1338 dependentis,
420 1259 617 1340 perfectioris
637 1260 729 1323 vitae·
737 1277 838 1341 penas
855 1261 1077 1341 profiteantur.

119 1356 207 1421 Proh.
221 1356 355 1422 Hoc-ius
375 1359 524 1422 evidenter
545 1359 733 1437 consequitur
753 1375 790 1422 ex
804 1359 879 1433 iure,
892 1360 971 1439 quod
992 1361 1083 1423 habet
1104 1358 1252 1435 Ecclesia,

77 1474 111 1519 se
131 1456 224 1519 libere
236 1455 402 1535 explicandi
423 1457 500 1518 intra
515 1457 623 1519 limites
645 1456 779 1534 propriae
802 1455 964 1520 activitatis
977 1466 1007 1520 et
1021 1456 1100 1521 linis.
1116 1455 1156 1520 Et
1170 1474 1250 1532 saue,

76 1553 249 1617 huiusmodi
270 1560 379 1627 coetus,
400 1554 450 1631 qui
473 1554 629 1630 religiosae
650 1554 778 1617 lamiliae
800 1556 997 1629 nominantur,
1015 1555 1250 1654 suffla-

77 1652 418 1763 ewam,
434 1652 542 1731 quibus
562 1650 697 1715 Ecclesia
720 1652 758 1715 ad
777 1652 913 1717 divinum
934 1653 1048 1715 cultum
1069 1659 1101 1713 et
1122 1650 1248 1715 salutem

76 1752 243 1814 animarum
274 1766 407 1813 secunus
429 1758 461 1812 et
481 1752 638 1827 perfectius
665 1751 891 1829 promovendam
922 1752 1033 1827 utitur;
1057 1752 1249 1837 s'thpecu·

74 1849 165 1912 lieres
184 1848 416 1912 consociationes
435 1848 548 1923 ciuiles,
569 1856 640 1928 puta
665 1865 742 1927 quac
761 1850 800 1912 ad
822 1849 1007 1943 industriam,
1028 1848 1076 1912 vel
1095 1856 1184 1928 artes,
1202 1848 1249 1912 vel

74 1946 289 2011 commercium
316 1946 471 2026 pertinent,
493 1947 687 2010 iustrumenta
709 1957 778 2009 suat
804 1934 914 2012 Status
929 1930 1054 2025 politici,
1073 1948 1182 2027 quibus
1207 1947 1250 2009 ci·

74 2045 165 2108 rilem
192 2055 281 2107 suum
303 2045 390 2107 linem
415 2045 534 2122 assequi
566 2045 679 2107 nititur.
706 2035 783 2108 Turn
811 2046 899 2108 etiam
925 2045 1061 2108 militiam
1087 2045 1248 2124 quamdam

75 2157 194 2205 sacram
216 2143 411 2221 constituunt,
432 2158 509 2221 quae
529 2139 612 2205 Fidei
632 2143 724 2204 armis
744 2140 911 2205 Ecclesiam
933 2142 1068 2205 delendae
1094 2151 1125 2205 et
1145 2142 1249 2220 ampli·

74 2243 155 2313 hcet,
185 2255 220 2302 ac
250 2240 342 2303 veluti
372 2241 553 2305 exercitibus
584 2240 824 2318 permanentibus
855 2241 1065 2303 assimilantur.
1086 2238 1128 2305 Ut
1157 2240 1248 2319 igitur

72 2336 179 2401 Status
193 2336 332 2415 politicus
347 2338 511 2417 praepediri
531 2338 633 2416 nequit
654 2339 813 2416 quominus
834 2354 906 2399 sues
927 2338 1083 2401 societates
1103 2339 1247 2412 efformet,

71 2447 103 2501 et
128 2439 220 2501 adse
248 2438 404 2502 tutandum
426 2440 527 2518 copias
548 2439 677 2501 militum
703 2439 843 2513 instruam
868 2438 911 2501 sic
932 2438 1020 2499 ctiam
1048 2436 1085 2499 de
1112 2434 1246 2506 Ecclesia

71 2536 234 2599 dicendum
263 2544 316 2599 est.
338 2534 378 2599 Et
406 2536 654 2617 quemadmodum
675 2537 704 2598 iu
725 2552 760 2599 ea
785 2552 817 2598 re
838 2536 933 2599 civilis
957 2536 1082 2599 societas
1112 2535 1247 2625 libertate

73 2634 199 2711 privari·
215 2634 325 2713 nequit,
347 2634 418 2713 quin
445 2634 510 2696 eius
536 2636 601 2697 iura
629 2634 789 2708 violentum
815 2633 859 2696 sic
887 2633 975 2695 ctiam
1002 2632 1069 2694 iura
1098 2633 1246 2696 violantur

75 2729 241 2806 Ecclesiae,
263 2732 290 2794 si
311 2747 397 2794 sacra
417 2730 468 2794 illa
489 2733 636 2795 consortia
656 2748 674 2794 a
694 2730 775 2795 civili
797 2737 942 2808 potestate
965 2730 1164 2807 prohibentur.

115 2825 173 2891 Sed
194 2829 341 2893 violantur
361 2830 481 2907 insuper
501 2829 566 2892 iura
587 2830 721 2907 ipsarum
738 2830 858 2908 civium,
873 2829 925 2907 qui
945 2835 1024 2891 certe
1045 2828 1124 2891 nulla
1145 2837 1247 2895 aucto

71 2927 162 2989 ritate
182 2934 296 2989 terrena
326 2926 463 3005 impediri
484 2935 614 3005 possunt,
635 2928 792 3008 quominus
822 2928 921 2991 divino
942 2928 1034 2990 cultui
1059 2935 1090 2990 et
1112 2932 1246 3009 propriae

74 3024 247 3102 perfectioni
261 3041 296 3088 ac
310 3023 398 3087 saluti
414 3033 549 3088 aeternae
565 3026 745 3103 prospiciant
760 3026 906 3111 eomodo,
921 3041 1020 3107 quem,
1035 3026 1117 3090 iuxta
1134 3025 1247 3092 Christi
1293 3074 1296 3079 -

70 3122 249 3196 doctrinam,
270 3124 510 3202 opportuniorem
531 3131 561 3187 et
581 3122 637 3187 sibi
658 3123 913 3203 congruentiorem
934 3122 1106 3187 existimant
1121 3124 1172 3205 (l).

453 3281 629 3348 Solvuntur
649 3281 861 3364 diffioiottates.
1176 3288 1218 3366 Ji'

113 3413 179 3479 131.
208 3412 302 3479 Obiic.
324 3414 346 3479 l.
368 3415 501 3481 Ecclesia
522 3431 568 3481 est
588 3419 712 3482 societas
734 3417 908 3496 spiritualis.
934 3417 1014 3498 Ergo
1035 3418 1241 3505 spiritualibus

70 3520 185 3575 mutum
200 3514 307 3575 mediis
321 3514 365 3577 uti
386 3515 488 3589 debet;
504 3516 598 3579 media
613 3517 690 3579 euim
705 3531 742 3579 ex
756 3516 814 3578 dne
827 3517 1073 3580 determinantur.
1086 3514 1136 3580 lus
1150 3516 1243 3595 igitur

68 3610 366 3772 ffiggrtpivuffluoad
388 3611 450 3674 vim
476 3613 656 3677 materialem
677 3615 866 3691 inferendam,
888 3614 944 3693 ipsi
974 3621 1139 3692 competere
1161 3613 1243 3679 nullo

181 3724 219 3785 po
257 3728 286 3771 ·.

116 3888 154 3948 (1)
169 3888 196 3936 Ιιι
211 3886 267 3951 lege
284 3888 379 3937 Christi
395 3888 488 3953 duplex
503 3894 542 3937 est
558 3889 625 3938 ritae
642 3904 732 3951 genae,
748 3890 858 3939 alterum
872 3905 1019 3943 commune,
1036 3890 1105 3955 quod
1127 3891 1244 3941 consistit

67 3967 92 4016 iu
105 3968 269 4018 observantia
278 3969 469 4028 mandatorum
485 3968 593 4017 alterum
602 3970 784 4032 perfectionis,
801 3969 871 4033 quod
883 3970 1011 4020 mandetis
1027 3971 1142 4035 adiungit
1152 3972 1244 4021 obser-

66 4048 181 4097 vantiam
197 4044 362 4097 edusiliorum
378 4048 591 4110 evangelicorum.
606 4048 662 4099 Hoc
679 4047 771 4112 duplex
790 4050 859 4098 uitae
876 4064 958 4112 genus
978 4050 1094 4100 Christus
1110 4054 1245 4115 expressit,

68 4142 127 4176 cum
146 4128 312 4186 adolescenti,
327 4129 413 4193 ipsum
429 4128 596 4191 interroganti
614 4129 645 4178 de
661 4128 737 4178 modo
755 4130 926 4193 consequendi
949 4131 1027 4179 vitem
1043 4139 1180 4191 aeternam,
1199 4150 1244 4184 re-

67 4208 183 4270 spondit:
202 4208 233 4256 Si
249 4209 289 4257 oia
303 4210 339 4257 ad
354 4209 439 4257 viteam
454 4209 570 4271 inpredi,
586 4223 663 4257 seraa
678 4210 836 4259 mandata...
855 4210 885 4258 Si
901 4210 941 4258 cca
953 4213 1089 4274 perfectas
1100 4229 1162 4270 esse,
1178 4216 1245 4265 eade

65 4288 149 4335 vende
162 4302 233 4350 quae
250 4288 329 4337 trabes
344 4296 370 4337 ct
385 4290 421 4338 da
435 4289 601 4351 pauperibus
622 4298 646 4337 ct
663 4288 770 4339 habebis
794 4290 953 4339 thesaurum
970 4291 1001 4340 irc
1025 4293 1112 4351 caclo,·
1130 4302 1155 4343 et
1172 4297 1244 4349 aeni,

66 4381 177 4431 copim
192 4381 242 4417 me.
257 4366 404 4417 Marruuia
419 4368 485 4428 xlx,
501 4367 539 4427 lt,
554 4367 594 4417 21.
