3159 4934
309 320 365 379 304
632 333 674 376 ms
692 334 818 376 urrunnu
837 352 847 361 -
867 332 933 375 utus
950 334 977 374 n.
996 332 1039 376 rus
1057 331 1167 375 sources

310 446 435 526 principi
450 462 537 509 curae
550 448 590 509 sit
603 446 759 511 humilium
774 462 810 510 ac
826 460 988 524 pauperum
1004 445 1142 508 defensio.
1158 442 1293 507 Benefica
1307 442 1384 506 euim
1400 443 1483 522 prin-

308 546 384 624 cipis
404 544 584 623 prouidentia
604 561 675 624 erga
696 545 773 619 illos,
785 546 838 623 qui
862 544 964 625 magis·
979 545 1073 607 tutela
1095 544 1238 623 indigent,
1255 544 1439 622 splendidius
1453 552 1482 606 et

308 644 458 708 efficacius
468 643 578 723 fulgere
588 643 688 718 dehet;
703 645 755 724 qui
770 650 872 707 contra
890 642 967 705 satis
982 658 1035 721 per
1049 657 1081 705 se
1096 648 1300 721 proteguntur,
1315 641 1379 704 eius
1397 656 1483 719 puae-

307 742 383 805 sidio
404 742 501 803 miuus
521 741 664 821 indigent.
931 800 935 808 ,
1359 803 1362 807 .

346 837 423 904 Tuta
443 842 532 902 etiam
553 840 595 903 sit
614 847 731 917 oportet
752 838 918 917 proprietas
940 838 1135 917 singulorum,
1155 846 1185 901 et
1205 837 1331 901 facultas
1346 854 1412 900 eam
1428 854 1480 901 au-

307 939 394 1018 gendi
413 937 491 1000 intra
513 939 652 1001 terminos
672 936 839 1000 honestatis
859 944 889 1000 et
911 936 973 1000 sine
993 937 1108 999 iactura
1133 935 1201 999 houi
1221 936 1403 1010 communis3
1427 952 1479 999 uec

306 1035 379 1115 plus·
394 1051 488 1115 aequo
500 1038 617 1115 emungi
639 1036 775 1099 subditos
788 1045 841 1099 aut
862 1036 978 1115 gravari
994 1042 1223 1099 cousentaneum
1244 1041 1299 1098 est.
1314 1033 1384 1098 Etsi
1399 1036 1477 1098 enim

306 1133 342 1197 ad
357 1133 423 1209 'utra
444 1134 607 1197 maiestatis
620 1134 767 1212 pertineat
786 1133 942 1213 uectigalia
956 1141 987 1197 et
1008 1133 1119 1196 tributa
1139 1134 1289 1211 imponere
1303 1132 1430 1206 civibus,
1446 1142 1478 1196 ut

304 1232 446 1311 impensis
466 1230 736 1315 administmtlouis,
750 1248 827 1310 quae
841 1232 870 1293 in
886 1232 1034 1311 publicum
1050 1232 1158 1296 cedunt
1173 1231 1344 1309 utilitatem,
1361 1240 1479 1311 praesto

305 1330 375 1403 siut.
388 1338 419 1393 et
431 1330 468 1393 ad
482 1330 644 1393 exercitum
669 1330 818 1404 alendum,
832 1338 863 1393 et
877 1330 914 1392 ad
930 1329 1075 1409 stipendia
1091 1331 1317 1410 magistratibus
1336 1332 1480 1410 suppedi-

304 1427 406 1501 tanda;
429 1435 525 1491 tamen
547 1444 685 1492 mensura
706 1444 869 1508 congruens
890 1427 1055 1492 excedenda
1076 1443 1132 1491 uon
1153 1434 1206 1508 est
1227 1445 1304 1507 quae
1324 1446 1341 1492 a
1363 1429 1475 1507 duplici

304 1527 427 1591 termino
448 1543 581 1590 normam
603 1527 725 1606 accipit:
739 1526 850 1590 a‘reali
871 1526 1017 1607 exigentia
1039 1526 1107 1589 boui
1130 1526 1252 1605 publici,
1267 1535 1328 1589 eta
1345 1526 1476 1604 privato·

304 1641 371 1689 rum
384 1625 533 1688 facultate.
550 1624 581 1689 Si
595 1626 672 1688 enim
688 1625 765 1703 plus,
779 1640 870 1704 quam
892 1624 1009 1687 socialis
1024 1624 1187 1688 necessitas
1201 1624 1316 1698 suadet,
1330 1636 1478 1702 expensae

304 1726 393 1797 linot;
407 1723 488 1786 deest
508 1723 584 1785 ratio
598 1739 652 1786 cur
673 1738 761 1785 onera
782 1722 911 1786 subditis
932 1722 1071 1801 imposita
1086 1720 1219 1802 legitima
1242 1722 1308 1785 siut.
1325 1720 1377 1786 Sin
1398 1721 1480 1806 plus,

303 1837 391 1899 quam
412 1828 605 1899 congruenter
626 1821 729 1899 possit,
744 1822 824 1884 cives
845 1828 1052 1900 emunguntur,
1069 1828 1186 1899 praeter
1206 1826 1305 1883 cotem
1325 1820 1432 1883 damna
1446 1830 1476 1883 et

304 1917 444 1995 pericula,
457 1924 614 1981 enervatur
635 1918 680 1980 vis
701 1917 845 1993 civitatls3
861 1919 947 1982 cuius
972 1919 1104 1981 roboret
1126 1918 1274 1997 opulentia
1289 1936 1306 1980 o
1321 1919 1423 1983 robore
1443 1924 1474 1981 et

303 2013 451 2093 opulentia
472 2015 582 2078 civium
603 2016 736 2096 emergit.
968 2034 989 2087 ρ

342 2111 427 2188 Quod
441 2113 466 2175 si
480 2113 554 2176 haec
574 2115 651 2188 iura,
671 2130 747 2191 quae
767 2114 1000 2179 incolumitatem
1021 2124 1052 2177 et
1073 2115 1282 2194 proprietatem
1304 2114 1474 2193 respiciunt,

301 2211 377 2274 laedi
406 2226 462 2274 uon
483 2208 599 2285 dehent,
621 2212 672 2274 sed
694 2214 792 2290 potius
812 2214 980 2276 confirmari
1002 2222 1032 2275 ot
1053 2212 1183 2288 delendi;
1212 2212 1306 2275 multo
1328 2210 1425 2291 magis
1444 2213 1477 2276 id

301 2309 358 2373 sihi
373 2308 519 2373 vindicant
532 2309 644 2390 potiora
660 2310 709 2372 illa
724 2310 800 2386 iura,
817 2326 894 2389 quae
909 2310 1066 2374 veritatem
1081 2318 1111 2373 et
1126 2311 1312 2373 honestatem
1328 2306 1475 2389 spectant.
1564 2312 1565 2335 *

300 2404 379 2471 Nam
407 2409 464 2471 hoc
484 2408 549 2486 ipso
577 2408 655 2486 quod
678 2410 765 2471 homo
792 2408 945 2472 rationalis
965 2414 1012 2473 est
1032 2416 1120 2488 atque
1140 2407 1288 2473 intellectu
1317 2414 1347 2471 et
1372 2408 1476 2472 volun-

301 2514 361 2568 tale
383 2506 542 2583 praeditus,
564 2506 610 2569 ius
630 2516 767 2569 anatum
788 2508 912 2570 sortitur
933 2525 964 2571 se
985 2508 1014 2570 in
1037 2508 1186 2571 obiectum
1207 2507 1363 2585 utriusque
1383 2508 1476 2572 facul-

301 2603 371 2665 tatis
384 2604 583 2684 promovendi,
599 2619 636 2667 ao
651 2604 771 2682 proinde
793 2604 967 2683 agnoscendi
982 2620 1084 2669 verum
1099 2612 1129 2668 et
1143 2605 1339 2681 amplectendi
1356 2606 1476 2669 honum.

301 2698 397 2772 Quare
411 2716 467 2764 uon
483 2703 568 2765 modo
588 2702 668 2765 nulla
689 2702 805 2765 falsitas
825 2710 878 2764 aut
900 2696 1053 2781 lurpitudo
1074 2702 1113 2763 ab
1133 2701 1310 2779 auctoritato
1330 2704 1477 2781 praescri·

300 2798 394 2860 benda
415 2809 470 2877 est,
500 2800 660 2862 sedetiam
685 2799 795 2862 nullius
819 2800 954 2863 vositmis
977 2800 1134 2879 inquisitio
1155 2806 1184 2862 et
1210 2799 1321 2862 nullum
1354 2800 1475 2864 virtutis

299 2894 473 2958 exercitium
488 2897 635 2974 prohiberi
657 2905 761 2974 potest.
783 2895 848 2970 Qua
869 2898 898 2959 iu
920 2912 951 2960 re
971 2897 1019 2959 ius
1041 2896 1176 2960 naturale
1197 2897 1308 2961 violant
1329 2898 1474 2977 regimina

300 2989 360 3065 illa,
373 3008 449 3070 quae
464 2994 599 3057 subditos
613 3002 665 3057 aut
679 3012 696 3057 a
712 2994 856 3073 pestiferis
872 2994 1003 3057 fontibus
1025 2994 1189 3057 doctrinam
1210 2995 1334 3058 haurire
1355 3004 1477 3079 coguut,

299 3096 352 3150 aut
365 3089 591 3154 determinatum
606 3092 684 3155 vitae
704 3110 797 3173 genus
819 3093 892 3156 inire
917 3100 1026 3168 uetant,
1040 3093 1070 3155 in
1092 3108 1149 3173 qno
1171 3093 1314 3172 peculiari
1328 3094 1475 3157 virtutum

219 3268 224 3273 .
298 3187 438 3250 exercitio
452 3187 538 3250 detur
557 3205 655 3266 opera.
671 3187 748 3253 Nam
769 3194 820 3270 qui
835 3190 882 3253 ius
895 3191 986 3255 habet
1000 3190 1038 3253 ad
1059 3192 1158 3265 finem,
1178 3189 1226 3253 ius
1248 3192 1339 3254 habet
1359 3193 1476 3255 adme·

298 3284 363 3361 dia;
385 3294 416 3349 et
435 3284 554 3365 quidem
569 3288 608 3349 ad
628 3289 723 3351 media
745 3305 821 3368 quae
835 3290 892 3369 ipsi
914 3289 993 3352 intra
1014 3289 1182 3353 honestatis
1195 3290 1352 3369 ambitum,
1368 3306 1475 3369 oppor-
1565 3350 1566 3355 ,

298 3384 415 3447 tuniora
429 3384 565 3448 videntur
588 3401 639 3463 pro
661 3389 728 3449 fluis
748 3388 915 3465 adeptione.

339 3480 404 3545 lll.
426 3478 573 3549 felicitati
595 3479 705 3549 ciuium
727 3481 971 3552 incumbendum.
987 3485 1159 3550 Auctoritas
1174 3501 1229 3549 nou
1253 3488 1340 3551 modo
1358 3488 1472 3550 iumum

297 3580 424 3642 cautioni
453 3581 614 3656 consulere,
638 3597 738 3643 verum
770 3584 859 3645 ctiam
881 3584 955 3647 bono
985 3593 1016 3647 et
1036 3584 1169 3647 felicitati
1201 3584 1312 3647 civium
1340 3585 1469 3662 positive

297 3676 434 3753 opitulari
465 3677 561 3757 debet,
588 3686 618 3739 el
648 3679 686 3741 ad
719 3679 952 3760 amplitudinem,
975 3682 1170 3759 splendorem,
1200 3681 1469 3761 perfectionemque

296 3773 445 3836 societatis
467 3776 695 3853 comparandam
717 3776 819 3840 adniti.
838 3776 917 3842 Bona
940 3778 1212 3843 autem-societatis
1234 3778 1272 3841 ad
1286 3778 1345 3841 duo
1366 3794 1474 3858 genera

297 3870 488 3934 reducuntur:
510 3874 673 3936 materialia
696 3874 835 3937 nimirum
857 3886 886 3939 et
908 3874 1082 3952 spiritualia.

338 3964 402 4029 ltu.
417 3966 502 4034 Boua
516 3966 700 4037 malerialia.
717 3968 822 4036 Officio
835 3980 948 4036 tenetur
963 3974 1123 4038 auctoritas
1138 3972 1310 4052 providendi
1325 3982 1359 4035 ut
1374 3974 1472 4037 omni-

236 4138 239 4144 ,
295 4063 352 4125 hus
372 4064 411 4125 sit
430 4065 522 4129 libera
543 4068 668 4131 facultas
688 4072 862 4148 procurandi
885 4070 942 4133 sihi
965 4073 1072 4148 media,
1093 4073 1204 4150 quibus
1226 4073 1318 4134 vitam
1341 4072 1425 4134 alant
1439 4079 1469 4135 et

296 4166 440 4223 tueantur.
462 4160 544 4234 Quae
564 4164 688 4229 facultas
710 4183 765 4231 nou
787 4169 876 4232 modo
902 4170 1079 4250 protegenda
1100 4179 1154 4247 est,
1181 4178 1212 4233 ut
1234 4186 1251 4232 a
1272 4171 1389 4233 nemine
1415 4170 1476 4232 im·

295 4255 430 4336 pediatur
445 4258 533 4337 (quod
553 4261 683 4326 iustitiae
703 4264 776 4342 est);
792 4264 845 4327 sed
865 4266 953 4329 etiam
970 4268 1164 4345 promovenda
1179 4275 1210 4330 et
1231 4267 1334 4331 sociali
1352 4265 1468 4331 auxilio
