<?xml version="1.0" encoding="UTF-8"?>
<!DOCTYPE html PUBLIC "-//W3C//DTD XHTML 1.0 Transitional//EN"
    "http://www.w3.org/TR/xhtml1/DTD/xhtml1-transitional.dtd">
<html xmlns="http://www.w3.org/1999/xhtml" xml:lang="en" lang="en">
 <head>
  <title>
</title>
<meta http-equiv="Content-Type" content="text/html;charset=utf-8" />
  <meta name='ocr-system' content='tesseract 3.04.00' />
  <meta name='ocr-capabilities' content='ocr_page ocr_carea ocr_par ocr_line ocrx_word'/>
</head>
<body>
  <div class='ocr_page' id='page_1' title='image "./institutioneset00libegoog_0358.png"; bbox 0 0 3159 4934; ppageno 0'>
   <div class='ocr_carea' id='block_1_1' title="bbox 293 360 1271 419">
    <p class='ocr_par' dir='ltr' id='par_1_1' title="bbox 293 360 1271 419">
     <span class='ocr_line' id='line_1_1' title="bbox 293 360 1271 419; baseline 0.001 -3"><span class='ocrx_word' id='word_1_1' title='bbox 293 375 379 419; x_wconf 74' lang='lat' dir='ltr'><strong>catur</strong></span> <span class='ocrx_word' id='word_1_2' title='bbox 399 378 426 418; x_wconf 90' lang='lat' dir='ltr'><strong>tl.</strong></span> <span class='ocrx_word' id='word_1_3' title='bbox 447 376 482 417; x_wconf 80' lang='lat' dir='ltr'><strong>DE</strong></span> <span class='ocrx_word' id='word_1_4' title='bbox 499 376 689 419; x_wconf 63' lang='lat' dir='ltr'><strong>nutrierimus</strong></span> <span class='ocrx_word' id='word_1_5' title='bbox 707 374 843 418; x_wconf 68' lang='lat' dir='ltr'><strong>nantolium</strong></span> <span class='ocrx_word' id='word_1_6' title='bbox 861 375 887 417; x_wconf 83' lang='lat' dir='ltr'><strong>ut</strong></span> <span class='ocrx_word' id='word_1_7' title='bbox 906 374 990 418; x_wconf 78' lang='lat' dir='ltr'>STATU</span> <span class='ocrx_word' id='word_1_8' title='bbox 1008 373 1082 415; x_wconf 81' lang='lat' dir='ltr'>BELLI</span> <span class='ocrx_word' id='word_1_9' title='bbox 1218 360 1271 417; x_wconf 83' lang='grc'><strong>353</strong></span> 
     </span>
    </p>
   </div>
   <div class='ocr_carea' id='block_1_2' title="bbox 98 485 1271 666">
    <p class='ocr_par' dir='ltr' id='par_1_2' title="bbox 98 485 1271 666">
     <span class='ocr_line' id='line_1_2' title="bbox 98 485 1271 567; baseline 0 -16"><span class='ocrx_word' id='word_1_10' title='bbox 98 485 218 551; x_wconf 81' lang='lat' dir='ltr'><strong>animus</strong></span> <span class='ocrx_word' id='word_1_11' title='bbox 233 488 406 566; x_wconf 80' lang='lat' dir='ltr'>deponatur,</span> <span class='ocrx_word' id='word_1_12' title='bbox 428 504 499 567; x_wconf 85' lang='lat' dir='ltr'><strong>paee</strong></span> <span class='ocrx_word' id='word_1_13' title='bbox 520 496 678 553; x_wconf 86' lang='lat' dir='ltr'><strong>contracta.</strong></span> <span class='ocrx_word' id='word_1_14' title='bbox 694 487 773 553; x_wconf 90' lang='lat' dir='ltr'><strong>Nam</strong></span> <span class='ocrx_word' id='word_1_15' title='bbox 793 488 822 551; x_wconf 91' lang='lat' dir='ltr'><strong>in</strong></span> <span class='ocrx_word' id='word_1_16' title='bbox 837 490 893 551; x_wconf 90' lang='lat' dir='ltr'><strong>boc</strong></span> <span class='ocrx_word' id='word_1_17' title='bbox 908 486 1020 551; x_wconf 85' lang='lat' dir='ltr'><strong>bellum</strong></span> <span class='ocrx_word' id='word_1_18' title='bbox 1035 486 1135 550; x_wconf 81' lang='lat' dir='ltr'><strong>didert</strong></span> <span class='ocrx_word' id='word_1_19' title='bbox 1149 504 1166 550; x_wconf 92' lang='lat' dir='ltr'><strong>a</strong></span> <span class='ocrx_word' id='word_1_20' title='bbox 1179 506 1271 567; x_wconf 85' lang='lat' dir='ltr'><strong>proe-</strong></span> 
     </span>
     <span class='ocr_line' id='line_1_3' title="bbox 98 580 1271 666; baseline 0.003 -21"><span class='ocrx_word' id='word_1_21' title='bbox 98 580 152 661; x_wconf 77' lang='lat' dir='ltr'><strong>lio,</strong></span> <span class='ocrx_word' id='word_1_22' title='bbox 167 585 257 663; x_wconf 84' lang='lat' dir='ltr'><strong>quod,</strong></span> <span class='ocrx_word' id='word_1_23' title='bbox 276 595 309 648; x_wconf 89' lang='lat' dir='ltr'><strong>ut</strong></span> <span class='ocrx_word' id='word_1_24' title='bbox 329 587 456 650; x_wconf 87' lang='lat' dir='ltr'><strong>advertit</strong></span> <span class='ocrx_word' id='word_1_25' title='bbox 471 584 602 661; x_wconf 85' lang='lat' dir='ltr'><strong>Servius,</strong></span> <span class='ocrx_word' id='word_1_26' title='bbox 621 586 731 651; x_wconf 85' lang='lat' dir='ltr'><strong>bellum</strong></span> <span class='ocrx_word' id='word_1_27' title='bbox 750 587 790 649; x_wconf 88' lang='lat' dir='ltr'><strong>sit</strong></span> <span class='ocrx_word' id='word_1_28' title='bbox 810 594 927 666; x_wconf 92' lang='lat' dir='ltr'><strong>tempus</strong></span> <span class='ocrx_word' id='word_1_29' title='bbox 948 601 1044 660; x_wconf 91' lang='lat' dir='ltr'><strong>omne,</strong></span> <span class='ocrx_word' id='word_1_30' title='bbox 1064 601 1125 664; x_wconf 87' lang='lat' dir='ltr'><strong>quo</strong></span> <span class='ocrx_word' id='word_1_31' title='bbox 1145 600 1271 665; x_wconf 87' lang='lat' dir='ltr'><strong>praepa·</strong></span> 
     </span>
    </p>
   </div>
   <div class='ocr_carea' id='block_1_3' title="bbox 40 683 1270 1171">
    <p class='ocr_par' dir='ltr' id='par_1_3' title="bbox 40 683 1270 1171">
     <span class='ocr_line' id='line_1_4' title="bbox 98 683 1269 764; baseline 0.002 -20"><span class='ocrx_word' id='word_1_32' title='bbox 98 691 182 745; x_wconf 87' lang='lat' dir='ltr'><strong>ratur</strong></span> <span class='ocrx_word' id='word_1_33' title='bbox 202 683 315 763; x_wconf 88' lang='lat' dir='ltr'><strong>aliquid</strong></span> <span class='ocrx_word' id='word_1_34' title='bbox 337 702 451 764; x_wconf 81' lang='lat' dir='ltr'><strong>pugnae</strong></span> <span class='ocrx_word' id='word_1_35' title='bbox 472 686 680 764; x_wconf 86' lang='lat' dir='ltr'><strong>necessarium,</strong></span> <span class='ocrx_word' id='word_1_36' title='bbox 700 685 747 748; x_wconf 85' lang='lat' dir='ltr'><strong>rel</strong></span> <span class='ocrx_word' id='word_1_37' title='bbox 774 701 834 764; x_wconf 81' lang='lat' dir='ltr'><strong>quo</strong></span> <span class='ocrx_word' id='word_1_38' title='bbox 855 700 951 763; x_wconf 80' lang='lat' dir='ltr'><strong>pugna</strong></span> <span class='ocrx_word' id='word_1_39' title='bbox 974 686 1101 763; x_wconf 80' lang='lat' dir='ltr'><strong>geritur3</strong></span> <span class='ocrx_word' id='word_1_40' title='bbox 1125 684 1269 763; x_wconf 90' lang='lat' dir='ltr'><strong>praelium</strong></span> 
     </span>
     <span class='ocr_line' id='line_1_5' title="bbox 96 780 1270 863; baseline 0.005 -22"><span class='ocrx_word' id='word_1_41' title='bbox 96 789 200 843; x_wconf 90' lang='lat' dir='ltr'><strong>antem</strong></span> <span class='ocrx_word' id='word_1_42' title='bbox 227 781 344 845; x_wconf 88' lang='lat' dir='ltr'><strong>dicatur</strong></span> <span class='ocrx_word' id='word_1_43' title='bbox 371 784 525 847; x_wconf 86' lang='lat' dir='ltr'><strong>condictus</strong></span> <span class='ocrx_word' id='word_1_44' title='bbox 548 784 613 863; x_wconf 89' lang='lat' dir='ltr'><strong>ipse</strong></span> <span class='ocrx_word' id='word_1_45' title='bbox 640 783 782 847; x_wconf 87' lang='lat' dir='ltr'><strong>bellorum</strong></span> <span class='ocrx_word' id='word_1_46' title='bbox 804 780 855 863; x_wconf 89' lang='lat' dir='ltr'><strong>(l).</strong></span> <span class='ocrx_word' id='word_1_47' title='bbox 877 784 1007 848; x_wconf 84' lang='lat' dir='ltr'>Additur</span> <span class='ocrx_word' id='word_1_48' title='bbox 1035 783 1175 848; x_wconf 79' lang='lat' dir='ltr'><strong>notionis</strong></span> <span class='ocrx_word' id='word_1_49' title='bbox 1200 803 1270 847; x_wconf 82' lang='lat' dir='ltr'><strong>cum</strong></span> 
     </span>
     <span class='ocr_line' id='line_1_6' title="bbox 97 878 1268 962; baseline 0.003 -23"><span class='ocrx_word' id='word_1_50' title='bbox 97 879 235 955; x_wconf 81' lang='lat' dir='ltr'><strong>notione,</strong></span> <span class='ocrx_word' id='word_1_51' title='bbox 258 887 290 941; x_wconf 87' lang='lat' dir='ltr'><strong>ut</strong></span> <span class='ocrx_word' id='word_1_52' title='bbox 311 879 451 944; x_wconf 78' lang='lat' dir='ltr'><strong>innuatur</strong></span> <span class='ocrx_word' id='word_1_53' title='bbox 464 882 641 955; x_wconf 88' lang='lat' dir='ltr'><strong>subiectum,</strong></span> <span class='ocrx_word' id='word_1_54' title='bbox 657 881 694 944; x_wconf 89' lang='lat' dir='ltr'><strong>ad</strong></span> <span class='ocrx_word' id='word_1_55' title='bbox 711 882 791 960; x_wconf 88' lang='lat' dir='ltr'><strong>quod</strong></span> <span class='ocrx_word' id='word_1_56' title='bbox 812 882 947 960; x_wconf 90' lang='lat' dir='ltr'><strong>pertinet,</strong></span> <span class='ocrx_word' id='word_1_57' title='bbox 960 891 990 945; x_wconf 91' lang='lat' dir='ltr'><strong>et</strong></span> <span class='ocrx_word' id='word_1_58' title='bbox 1004 884 1159 958; x_wconf 87' lang='lat' dir='ltr'><strong>terminus,</strong></span> <span class='ocrx_word' id='word_1_59' title='bbox 1180 878 1268 962; x_wconf 83' lang='lat' dir='ltr'><strong>¹(prem</strong></span> 
     </span>
     <span class='ocr_line' id='line_1_7' title="bbox 98 975 1269 1059; baseline 0.004 -21"><span class='ocrx_word' id='word_1_60' title='bbox 98 976 228 1053; x_wconf 86' lang='lat' dir='ltr'><strong>respicit</strong></span> <span class='ocrx_word' id='word_1_61' title='bbox 252 975 406 1043; x_wconf 89' lang='lat' dir='ltr'><strong>Contentio</strong></span> <span class='ocrx_word' id='word_1_62' title='bbox 425 980 503 1042; x_wconf 90' lang='lat' dir='ltr'><strong>enim</strong></span> <span class='ocrx_word' id='word_1_63' title='bbox 524 981 600 1043; x_wconf 90' lang='lat' dir='ltr'><strong>inter</strong></span> <span class='ocrx_word' id='word_1_64' title='bbox 621 979 762 1056; x_wconf 79' lang='lat' dir='ltr'><strong>priuatos,</strong></span> <span class='ocrx_word' id='word_1_65' title='bbox 782 981 899 1057; x_wconf 84' lang='lat' dir='ltr'><strong>etiamsi</strong></span> <span class='ocrx_word' id='word_1_66' title='bbox 922 983 1053 1059; x_wconf 90' lang='lat' dir='ltr'><strong>pervim</strong></span> <span class='ocrx_word' id='word_1_67' title='bbox 1076 983 1138 1055; x_wconf 88' lang='lat' dir='ltr'><strong>fiat,</strong></span> <span class='ocrx_word' id='word_1_68' title='bbox 1159 981 1269 1045; x_wconf 88' lang='lat' dir='ltr'><strong>bellurn</strong></span> 
     </span>
     <span class='ocr_line' id='line_1_8' title="bbox 40 1074 1270 1171; baseline 0.005 -36"><span class='ocrx_word' id='word_1_69' title='bbox 40 1152 51 1171; x_wconf 26' lang='grc' dir='ltr'><em>ν</em></span> <span class='ocrx_word' id='word_1_70' title='bbox 98 1088 158 1136; x_wconf 93' lang='lat' dir='ltr'><strong>non</strong></span> <span class='ocrx_word' id='word_1_71' title='bbox 176 1074 305 1149; x_wconf 89' lang='lat' dir='ltr'><strong>-dicitur;</strong></span> <span class='ocrx_word' id='word_1_72' title='bbox 338 1078 445 1154; x_wconf 88' lang='lat' dir='ltr'><strong>privati</strong></span> <span class='ocrx_word' id='word_1_73' title='bbox 474 1086 583 1153; x_wconf 89' lang='lat' dir='ltr'><strong>autem,</strong></span> <span class='ocrx_word' id='word_1_74' title='bbox 604 1079 653 1156; x_wconf 89' lang='lat' dir='ltr'><strong>qui</strong></span> <span class='ocrx_word' id='word_1_75' title='bbox 682 1094 750 1142; x_wconf 92' lang='lat' dir='ltr'><strong>cum</strong></span> <span class='ocrx_word' id='word_1_76' title='bbox 779 1079 904 1153; x_wconf 88' lang='lat' dir='ltr'><strong>natione,</strong></span> <span class='ocrx_word' id='word_1_77' title='bbox 935 1080 1065 1160; x_wconf 78' lang='lat' dir='ltr'><strong>legitime</strong></span> <span class='ocrx_word' id='word_1_78' title='bbox 1096 1082 1270 1155; x_wconf 85' lang='lat' dir='ltr'><strong>constituta,</strong></span> 
     </span>
    </p>
   </div>
   <div class='ocr_carea' id='block_1_4' title="bbox 81 1171 1330 3999">
    <p class='ocr_par' dir='ltr' id='par_1_4' title="bbox 92 1171 1330 1933">
     <span class='ocr_line' id='line_1_9' title="bbox 98 1171 1330 1251; baseline 0.005 -18"><span class='ocrx_word' id='word_1_79' title='bbox 98 1171 217 1249; x_wconf 89' lang='lat' dir='ltr'><strong>propria</strong></span> <span class='ocrx_word' id='word_1_80' title='bbox 241 1180 356 1237; x_wconf 88' lang='lat' dir='ltr'><strong>tantum</strong></span> <span class='ocrx_word' id='word_1_81' title='bbox 377 1175 552 1239; x_wconf 87' lang='lat' dir='ltr'><strong>auctoritate</strong></span> <span class='ocrx_word' id='word_1_82' title='bbox 572 1176 725 1251; x_wconf 87' lang='lat' dir='ltr'><strong>dimicant,</strong></span> <span class='ocrx_word' id='word_1_83' title='bbox 744 1178 862 1241; x_wconf 90' lang='lat' dir='ltr'><strong>etiamsi</strong></span> <span class='ocrx_word' id='word_1_84' title='bbox 884 1177 1073 1241; x_wconf 89' lang='lat' dir='ltr'><strong>multitudine</strong></span> <span class='ocrx_word' id='word_1_85' title='bbox 1092 1178 1270 1251; x_wconf 86' lang='lat' dir='ltr'><strong>coalescant,</strong></span> <span class='ocrx_word' id='word_1_86' title='bbox 1326 1212 1330 1221; x_wconf 87' lang='lat'><strong>·</strong></span> 
     </span>
     <span class='ocr_line' id='line_1_10' title="bbox 96 1269 1269 1341; baseline 0.006 -11"><span class='ocrx_word' id='word_1_87' title='bbox 96 1284 156 1331; x_wconf 91' lang='lat' dir='ltr'><strong>non</strong></span> <span class='ocrx_word' id='word_1_88' title='bbox 177 1269 355 1333; x_wconf 75' lang='lat' dir='ltr'><strong>bellantibus</strong></span> <span class='ocrx_word' id='word_1_89' title='bbox 369 1273 422 1335; x_wconf 89' lang='lat' dir='ltr'><strong>sed</strong></span> <span class='ocrx_word' id='word_1_90' title='bbox 443 1282 494 1335; x_wconf 89' lang='lat' dir='ltr'><strong>aut</strong></span> <span class='ocrx_word' id='word_1_91' title='bbox 515 1273 676 1338; x_wconf 82' lang='lat' dir='ltr'><strong>rebellibus</strong></span> <span class='ocrx_word' id='word_1_92' title='bbox 690 1282 743 1338; x_wconf 90' lang='lat' dir='ltr'><strong>aut</strong></span> <span class='ocrx_word' id='word_1_93' title='bbox 758 1276 921 1338; x_wconf 74' lang='lat' dir='ltr'><strong>latronibus</strong></span> <span class='ocrx_word' id='word_1_94' title='bbox 942 1275 1153 1338; x_wconf 89' lang='lat' dir='ltr'><strong>assimilantur.</strong></span> <span class='ocrx_word' id='word_1_95' title='bbox 1173 1273 1269 1341; x_wconf 88' lang='lat' dir='ltr'><strong>Verba</strong></span> 
     </span>
     <span class='ocr_line' id='line_1_11' title="bbox 96 1366 1270 1451; baseline 0.008 -24"><span class='ocrx_word' id='word_1_96' title='bbox 96 1366 148 1429; x_wconf 92' lang='lat' dir='ltr'><strong>illa</strong></span> <span class='ocrx_word' id='word_1_97' title='bbox 169 1367 250 1431; x_wconf 74' lang='lat' dir='ltr'><strong>larris</strong></span> <span class='ocrx_word' id='word_1_98' title='bbox 273 1368 382 1433; x_wconf 73' lang='lat' dir='ltr'><strong>tuendi</strong></span> <span class='ocrx_word' id='word_1_99' title='bbox 397 1371 508 1451; x_wconf 80' lang='lat' dir='ltr'><strong>pratia</strong></span> <span class='ocrx_word' id='word_1_100' title='bbox 536 1374 623 1436; x_wconf 89' lang='lat' dir='ltr'><strong>duem</strong></span> <span class='ocrx_word' id='word_1_101' title='bbox 645 1374 779 1451; x_wconf 85' lang='lat' dir='ltr'><strong>innuunt,</strong></span> <span class='ocrx_word' id='word_1_102' title='bbox 794 1373 830 1435; x_wconf 94' lang='lat' dir='ltr'><strong>ad</strong></span> <span class='ocrx_word' id='word_1_103' title='bbox 845 1388 931 1450; x_wconf 87' lang='lat' dir='ltr'><strong>quern</strong></span> <span class='ocrx_word' id='word_1_104' title='bbox 946 1371 1055 1435; x_wconf 89' lang='lat' dir='ltr'><strong>bellum</strong></span> <span class='ocrx_word' id='word_1_105' title='bbox 1077 1388 1129 1451; x_wconf 90' lang='lat' dir='ltr'><strong>per</strong></span> <span class='ocrx_word' id='word_1_106' title='bbox 1151 1390 1184 1435; x_wconf 92' lang='lat' dir='ltr'><strong>se</strong></span> <span class='ocrx_word' id='word_1_107' title='bbox 1204 1389 1270 1451; x_wconf 91' lang='lat' dir='ltr'><strong>spe·</strong></span> 
     </span>
     <span class='ocr_line' id='line_1_12' title="bbox 95 1465 1268 1550; baseline 0.006 -23"><span class='ocrx_word' id='word_1_108' title='bbox 95 1471 179 1527; x_wconf 85' lang='lat' dir='ltr'><strong>ctare</strong></span> <span class='ocrx_word' id='word_1_109' title='bbox 198 1465 295 1539; x_wconf 86' lang='lat' dir='ltr'><strong>debet,</strong></span> <span class='ocrx_word' id='word_1_110' title='bbox 317 1475 349 1530; x_wconf 93' lang='lat' dir='ltr'><strong>ut</strong></span> <span class='ocrx_word' id='word_1_111' title='bbox 370 1466 535 1547; x_wconf 77' lang='lat' dir='ltr'><strong>legitimum</strong></span> <span class='ocrx_word' id='word_1_112' title='bbox 558 1470 598 1531; x_wconf 89' lang='lat' dir='ltr'><strong>sit</strong></span> <span class='ocrx_word' id='word_1_113' title='bbox 618 1478 647 1533; x_wconf 92' lang='lat' dir='ltr'><strong>et</strong></span> <span class='ocrx_word' id='word_1_114' title='bbox 668 1478 790 1533; x_wconf 89' lang='lat' dir='ltr'><strong>naturae</strong></span> <span class='ocrx_word' id='word_1_115' title='bbox 811 1476 1046 1534; x_wconf 86' lang='lat' dir='ltr'><strong>consentaneum.</strong></span> <span class='ocrx_word' id='word_1_116' title='bbox 1069 1468 1203 1550; x_wconf 88' lang='lat' dir='ltr'><strong>Denique</strong></span> <span class='ocrx_word' id='word_1_117' title='bbox 1224 1471 1268 1534; x_wconf 92' lang='lat' dir='ltr'><strong>di·</strong></span> 
     </span>
     <span class='ocr_line' id='line_1_13' title="bbox 94 1562 1268 1654; baseline 0.005 -29"><span class='ocrx_word' id='word_1_118' title='bbox 94 1562 177 1625; x_wconf 90' lang='lat' dir='ltr'><strong>citur</strong></span> <span class='ocrx_word' id='word_1_119' title='bbox 194 1581 252 1641; x_wconf 80' lang='lat' dir='ltr'><strong>per</strong></span> <span class='ocrx_word' id='word_1_120' title='bbox 273 1562 338 1625; x_wconf 83' lang='lat' dir='ltr'><strong>cim</strong></span> <span class='ocrx_word' id='word_1_121' title='bbox 359 1568 517 1643; x_wconf 64' lang='lat' dir='ltr'><strong>cerbatis,</strong></span> <span class='ocrx_word' id='word_1_122' title='bbox 545 1574 578 1629; x_wconf 90' lang='lat' dir='ltr'><strong>ut</strong></span> <span class='ocrx_word' id='word_1_123' title='bbox 604 1567 803 1654; x_wconf 80' lang='lat' dir='ltr'><strong>distinguatur</strong></span> <span class='ocrx_word' id='word_1_124' title='bbox 826 1567 935 1631; x_wconf 91' lang='lat' dir='ltr'><strong>bellum</strong></span> <span class='ocrx_word' id='word_1_125' title='bbox 957 1584 976 1629; x_wconf 91' lang='lat' dir='ltr'><strong>a</strong></span> <span class='ocrx_word' id='word_1_126' title='bbox 1005 1569 1190 1631; x_wconf 85' lang='lat' dir='ltr'><strong>contentione</strong></span> <span class='ocrx_word' id='word_1_127' title='bbox 1210 1584 1268 1631; x_wconf 91' lang='lat' dir='ltr'><strong>non</strong></span> 
     </span>
     <span class='ocr_line' id='line_1_14' title="bbox 93 1660 1268 1745; baseline 0.005 -24"><span class='ocrx_word' id='word_1_128' title='bbox 93 1660 235 1737; x_wconf 87' lang='lat' dir='ltr'><strong>uiolenta,</strong></span> <span class='ocrx_word' id='word_1_129' title='bbox 255 1676 333 1740; x_wconf 84' lang='lat' dir='ltr'><strong>quac</strong></span> <span class='ocrx_word' id='word_1_130' title='bbox 354 1663 545 1741; x_wconf 89' lang='lat' dir='ltr'><strong>disceptando</strong></span> <span class='ocrx_word' id='word_1_131' title='bbox 567 1663 717 1728; x_wconf 80' lang='lat' dir='ltr'><strong>tintcum</strong></span> <span class='ocrx_word' id='word_1_132' title='bbox 731 1666 808 1728; x_wconf 92' lang='lat' dir='ltr'><strong>enim</strong></span> <span class='ocrx_word' id='word_1_133' title='bbox 823 1665 931 1743; x_wconf 82' lang='lat' dir='ltr'><strong>duplex</strong></span> <span class='ocrx_word' id='word_1_134' title='bbox 952 1666 990 1728; x_wconf 88' lang='lat' dir='ltr'><strong>sit</strong></span> <span class='ocrx_word' id='word_1_135' title='bbox 1012 1665 1200 1730; x_wconf 89' lang='lat' dir='ltr'><strong>concertandi</strong></span> <span class='ocrx_word' id='word_1_136' title='bbox 1217 1682 1268 1745; x_wconf 81' lang='lat' dir='ltr'><strong>ge-</strong></span> 
     </span>
     <span class='ocr_line' id='line_1_15' title="bbox 92 1759 1268 1842; baseline 0.007 -24"><span class='ocrx_word' id='word_1_137' title='bbox 92 1774 163 1832; x_wconf 90' lang='lat' dir='ltr'><strong>nus,</strong></span> <span class='ocrx_word' id='word_1_138' title='bbox 183 1759 308 1822; x_wconf 88' lang='lat' dir='ltr'><strong>alterum</strong></span> <span class='ocrx_word' id='word_1_139' title='bbox 331 1776 383 1837; x_wconf 90' lang='lat' dir='ltr'><strong>per</strong></span> <span class='ocrx_word' id='word_1_140' title='bbox 396 1761 648 1839; x_wconf 77' lang='lat' dir='ltr'><strong>disceptationem,</strong></span> <span class='ocrx_word' id='word_1_141' title='bbox 668 1762 794 1825; x_wconf 89' lang='lat' dir='ltr'><strong>alterum</strong></span> <span class='ocrx_word' id='word_1_142' title='bbox 815 1778 868 1842; x_wconf 92' lang='lat' dir='ltr'><strong>per</strong></span> <span class='ocrx_word' id='word_1_143' title='bbox 882 1763 957 1838; x_wconf 88' lang='lat' dir='ltr'><strong>vim;</strong></span> <span class='ocrx_word' id='word_1_144' title='bbox 978 1780 1035 1827; x_wconf 92' lang='lat' dir='ltr'><strong>non</strong></span> <span class='ocrx_word' id='word_1_145' title='bbox 1050 1764 1200 1841; x_wconf 89' lang='lat' dir='ltr'><strong>superiore</strong></span> <span class='ocrx_word' id='word_1_146' title='bbox 1215 1764 1268 1827; x_wconf 95' lang='lat' dir='ltr'><strong>sed</strong></span> 
     </span>
     <span class='ocr_line' id='line_1_16' title="bbox 97 1858 1020 1933; baseline 0.009 -16"><span class='ocrx_word' id='word_1_147' title='bbox 97 1858 261 1933; x_wconf 91' lang='lat' dir='ltr'><strong>posteriore</strong></span> <span class='ocrx_word' id='word_1_148' title='bbox 282 1858 391 1921; x_wconf 88' lang='lat' dir='ltr'><strong>bellum</strong></span> <span class='ocrx_word' id='word_1_149' title='bbox 413 1860 611 1923; x_wconf 80' lang='lat' dir='ltr'><strong>constituitur.</strong></span> <span class='ocrx_word' id='word_1_150' title='bbox 1017 1889 1020 1895; x_wconf 94' lang='lat'>·</span> 
     </span>
    </p>

    <p class='ocr_par' dir='ltr' id='par_1_5' title="bbox 83 1950 1267 3703">
     <span class='ocr_line' id='line_1_17' title="bbox 134 1950 1267 2044; baseline 0.009 -29"><span class='ocrx_word' id='word_1_151' title='bbox 134 1950 185 2016; x_wconf 77' lang='lat' dir='ltr'><strong>at.</strong></span> <span class='ocrx_word' id='word_1_152' title='bbox 210 1952 371 2022; x_wconf 84' lang='lat' dir='ltr'><strong>Bellorum</strong></span> <span class='ocrx_word' id='word_1_153' title='bbox 393 1953 539 2023; x_wconf 80' lang='lat' dir='ltr'><strong>diuersae</strong></span> <span class='ocrx_word' id='word_1_154' title='bbox 560 1954 694 2044; x_wconf 84' lang='lat' dir='ltr'><strong>species.</strong></span> <span class='ocrx_word' id='word_1_155' title='bbox 715 1956 828 2021; x_wconf 90' lang='lat' dir='ltr'><strong>Bellum</strong></span> <span class='ocrx_word' id='word_1_156' title='bbox 849 1958 979 2037; x_wconf 87' lang='lat' dir='ltr'><strong>dispesci</strong></span> <span class='ocrx_word' id='word_1_157' title='bbox 1000 1968 1098 2038; x_wconf 88' lang='lat' dir='ltr'><strong>potest</strong></span> <span class='ocrx_word' id='word_1_158' title='bbox 1120 1962 1216 2038; x_wconf 91' lang='lat' dir='ltr'><strong>primo</strong></span> <span class='ocrx_word' id='word_1_159' title='bbox 1237 1962 1267 2025; x_wconf 93' lang='lat' dir='ltr'><strong>in</strong></span> 
     </span>
     <span class='ocr_line' id='line_1_18' title="bbox 90 2050 1265 2136; baseline 0.006 -22"><span class='ocrx_word' id='word_1_160' title='bbox 90 2050 284 2128; x_wconf 73' lang='lat' dir='ltr'><strong>offensiorem</strong></span> <span class='ocrx_word' id='word_1_161' title='bbox 304 2061 334 2116; x_wconf 92' lang='lat' dir='ltr'><strong>et</strong></span> <span class='ocrx_word' id='word_1_162' title='bbox 355 2052 560 2131; x_wconf 71' lang='lat' dir='ltr'><strong>defensionum.</strong></span> <span class='ocrx_word' id='word_1_163' title='bbox 575 2052 653 2118; x_wconf 92' lang='lat' dir='ltr'><strong>Nam</strong></span> <span class='ocrx_word' id='word_1_164' title='bbox 674 2053 752 2128; x_wconf 88' lang='lat' dir='ltr'><strong>licet,</strong></span> <span class='ocrx_word' id='word_1_165' title='bbox 767 2056 805 2117; x_wconf 89' lang='lat' dir='ltr'><strong>ad</strong></span> <span class='ocrx_word' id='word_1_166' title='bbox 827 2071 888 2117; x_wconf 91' lang='lat' dir='ltr'><strong>rem</strong></span> <span class='ocrx_word' id='word_1_167' title='bbox 904 2056 983 2133; x_wconf 83' lang='lat' dir='ltr'><strong>quod</strong></span> <span class='ocrx_word' id='word_1_168' title='bbox 1006 2058 1140 2136; x_wconf 84' lang='lat' dir='ltr'><strong>pertinet,</strong></span> <span class='ocrx_word' id='word_1_169' title='bbox 1156 2057 1265 2122; x_wconf 92' lang='lat' dir='ltr'><strong>bellum</strong></span> 
     </span>
     <span class='ocr_line' id='line_1_19' title="bbox 93 2152 1267 2233; baseline 0.006 -21"><span class='ocrx_word' id='word_1_170' title='bbox 93 2152 206 2213; x_wconf 89' lang='lat' dir='ltr'><strong>iustum</strong></span> <span class='ocrx_word' id='word_1_171' title='bbox 222 2168 339 2231; x_wconf 85' lang='lat' dir='ltr'><strong>semper</strong></span> <span class='ocrx_word' id='word_1_172' title='bbox 352 2155 534 2217; x_wconf 84' lang='lat' dir='ltr'><strong>delensivum</strong></span> <span class='ocrx_word' id='word_1_173' title='bbox 549 2155 607 2218; x_wconf 89' lang='lat' dir='ltr'><strong>dici</strong></span> <span class='ocrx_word' id='word_1_174' title='bbox 630 2160 739 2233; x_wconf 86' lang='lat' dir='ltr'><strong>posset,</strong></span> <span class='ocrx_word' id='word_1_175' title='bbox 754 2163 898 2232; x_wconf 87' lang='lat' dir='ltr'><strong>quatenus</strong></span> <span class='ocrx_word' id='word_1_176' title='bbox 913 2155 1110 2219; x_wconf 79' lang='lat' dir='ltr'><strong>adhibeantur</strong></span> <span class='ocrx_word' id='word_1_177' title='bbox 1130 2171 1214 2219; x_wconf 88' lang='lat' dir='ltr'><strong>arma</strong></span> <span class='ocrx_word' id='word_1_178' title='bbox 1235 2165 1267 2219; x_wconf 90' lang='lat' dir='ltr'><strong>ut</strong></span> 
     </span>
     <span class='ocr_line' id='line_1_20' title="bbox 93 2250 1267 2331; baseline 0.003 -19"><span class='ocrx_word' id='word_1_179' title='bbox 93 2250 247 2327; x_wconf 88' lang='lat' dir='ltr'><strong>proprium</strong></span> <span class='ocrx_word' id='word_1_180' title='bbox 270 2253 318 2314; x_wconf 93' lang='lat' dir='ltr'><strong>ius</strong></span> <span class='ocrx_word' id='word_1_181' title='bbox 338 2252 526 2326; x_wconf 65' lang='lat' dir='ltr'><strong>delendarum</strong></span> <span class='ocrx_word' id='word_1_182' title='bbox 548 2253 737 2316; x_wconf 90' lang='lat' dir='ltr'><strong>nibilominus</strong></span> <span class='ocrx_word' id='word_1_183' title='bbox 758 2269 826 2315; x_wconf 92' lang='lat' dir='ltr'><strong>curn</strong></span> <span class='ocrx_word' id='word_1_184' title='bbox 848 2253 893 2316; x_wconf 85' lang='lat' dir='ltr'><strong>vis</strong></span> <span class='ocrx_word' id='word_1_185' title='bbox 916 2254 1023 2331; x_wconf 93' lang='lat' dir='ltr'><strong>opponi</strong></span> <span class='ocrx_word' id='word_1_186' title='bbox 1046 2254 1139 2331; x_wconf 92' lang='lat' dir='ltr'><strong>possit</strong></span> <span class='ocrx_word' id='word_1_187' title='bbox 1161 2255 1207 2316; x_wconf 88' lang='lat' dir='ltr'><strong>vel</strong></span> <span class='ocrx_word' id='word_1_188' title='bbox 1227 2254 1267 2315; x_wconf 91' lang='lat' dir='ltr'><strong>ad</strong></span> 
     </span>
     <span class='ocr_line' id='line_1_21' title="bbox 89 2348 1264 2428; baseline 0.002 -19"><span class='ocrx_word' id='word_1_189' title='bbox 89 2348 276 2412; x_wconf 80' lang='lat' dir='ltr'><strong>invasionem</strong></span> <span class='ocrx_word' id='word_1_190' title='bbox 291 2350 424 2413; x_wconf 90' lang='lat' dir='ltr'><strong>bostium</strong></span> <span class='ocrx_word' id='word_1_191' title='bbox 440 2350 646 2428; x_wconf 88' lang='lat' dir='ltr'><strong>repellendam,</strong></span> <span class='ocrx_word' id='word_1_192' title='bbox 658 2350 704 2414; x_wconf 86' lang='lat' dir='ltr'><strong>vel</strong></span> <span class='ocrx_word' id='word_1_193' title='bbox 720 2350 757 2412; x_wconf 93' lang='lat' dir='ltr'><strong>ad</strong></span> <span class='ocrx_word' id='word_1_194' title='bbox 772 2350 886 2413; x_wconf 90' lang='lat' dir='ltr'><strong>illatam</strong></span> <span class='ocrx_word' id='word_1_195' title='bbox 901 2350 1038 2412; x_wconf 89' lang='lat' dir='ltr'><strong>iniuriam</strong></span> <span class='ocrx_word' id='word_1_196' title='bbox 1054 2350 1264 2424; x_wconf 66' lang='lat' dir='ltr'><strong>ulciscendam</strong></span> 
     </span>
     <span class='ocr_line' id='line_1_22' title="bbox 90 2445 1266 2526; baseline 0.003 -20"><span class='ocrx_word' id='word_1_197' title='bbox 90 2445 121 2506; x_wconf 88' lang='lat' dir='ltr'><strong>si</strong></span> <span class='ocrx_word' id='word_1_198' title='bbox 144 2446 281 2522; x_wconf 88' lang='lat' dir='ltr'><strong>primum.</strong></span> <span class='ocrx_word' id='word_1_199' title='bbox 294 2448 456 2526; x_wconf 80' lang='lat' dir='ltr'><strong>contingat,</strong></span> <span class='ocrx_word' id='word_1_200' title='bbox 472 2448 580 2511; x_wconf 90' lang='lat' dir='ltr'><strong>bellum</strong></span> <span class='ocrx_word' id='word_1_201' title='bbox 601 2448 660 2511; x_wconf 91' lang='lat' dir='ltr'><strong>dici</strong></span> <span class='ocrx_word' id='word_1_202' title='bbox 682 2448 756 2511; x_wconf 91' lang='lat' dir='ltr'><strong>solet</strong></span> <span class='ocrx_word' id='word_1_203' title='bbox 776 2447 970 2521; x_wconf 89' lang='lat' dir='ltr'><strong>delensivum,</strong></span> <span class='ocrx_word' id='word_1_204' title='bbox 984 2447 1010 2509; x_wconf 92' lang='lat' dir='ltr'><strong>si</strong></span> <span class='ocrx_word' id='word_1_205' title='bbox 1024 2447 1159 2525; x_wconf 90' lang='lat' dir='ltr'><strong>alterurn,</strong></span> <span class='ocrx_word' id='word_1_206' title='bbox 1176 2448 1266 2511; x_wconf 82' lang='lat' dir='ltr'><strong>odeu-</strong></span> 
     </span>
     <span class='ocr_line' id='line_1_23' title="bbox 91 2542 1266 2624; baseline 0.003 -20"><span class='ocrx_word' id='word_1_207' title='bbox 91 2544 203 2617; x_wconf 84' lang='lat' dir='ltr'><strong>sivum,</strong></span> <span class='ocrx_word' id='word_1_208' title='bbox 218 2551 307 2622; x_wconf 87' lang='lat' dir='ltr'><strong>prout</strong></span> <span class='ocrx_word' id='word_1_209' title='bbox 324 2546 395 2609; x_wconf 90' lang='lat' dir='ltr'><strong>binc</strong></span> <span class='ocrx_word' id='word_1_210' title='bbox 410 2555 463 2608; x_wconf 88' lang='lat' dir='ltr'><strong>aut</strong></span> <span class='ocrx_word' id='word_1_211' title='bbox 479 2547 547 2609; x_wconf 94' lang='lat' dir='ltr'><strong>inde</strong></span> <span class='ocrx_word' id='word_1_212' title='bbox 561 2562 644 2609; x_wconf 90' lang='lat' dir='ltr'><strong>arma</strong></span> <span class='ocrx_word' id='word_1_213' title='bbox 666 2546 793 2624; x_wconf 90' lang='lat' dir='ltr'><strong>primum</strong></span> <span class='ocrx_word' id='word_1_214' title='bbox 808 2553 970 2608; x_wconf 65' lang='lat' dir='ltr'><strong>moventur⁴</strong></span> <span class='ocrx_word' id='word_1_215' title='bbox 992 2542 1104 2609; x_wconf 91' lang='lat' dir='ltr'><strong>Deinde</strong></span> <span class='ocrx_word' id='word_1_216' title='bbox 1123 2545 1266 2607; x_wconf 91' lang='lat' dir='ltr'><strong>dividitur</strong></span> 
     </span>
     <span class='ocr_line' id='line_1_24' title="bbox 89 2638 1266 2721; baseline 0 -18"><span class='ocrx_word' id='word_1_217' title='bbox 89 2640 205 2704; x_wconf 93' lang='lat' dir='ltr'><strong>bellum</strong></span> <span class='ocrx_word' id='word_1_218' title='bbox 229 2644 258 2705; x_wconf 92' lang='lat' dir='ltr'><strong>iu</strong></span> <span class='ocrx_word' id='word_1_219' title='bbox 287 2641 421 2706; x_wconf 79' lang='lat' dir='ltr'><strong>solemne</strong></span> <span class='ocrx_word' id='word_1_220' title='bbox 448 2660 484 2706; x_wconf 91' lang='lat' dir='ltr'><strong>ac</strong></span> <span class='ocrx_word' id='word_1_221' title='bbox 510 2643 616 2707; x_wconf 81' lang='lat' dir='ltr'><strong>minas</strong></span> <span class='ocrx_word' id='word_1_222' title='bbox 641 2642 783 2705; x_wconf 75' lang='lat' dir='ltr'><strong>solonae.</strong></span> <span class='ocrx_word' id='word_1_223' title='bbox 810 2640 942 2705; x_wconf 87' lang='lat' dir='ltr'><strong>Primum</strong></span> <span class='ocrx_word' id='word_1_224' title='bbox 970 2651 1025 2716; x_wconf 87' lang='lat' dir='ltr'><strong>est,</strong></span> <span class='ocrx_word' id='word_1_225' title='bbox 1054 2642 1133 2721; x_wconf 88' lang='lat' dir='ltr'><strong>quud</strong></span> <span class='ocrx_word' id='word_1_226' title='bbox 1156 2638 1266 2705; x_wconf 74' lang='lat' dir='ltr'><strong>&#39;ritibus</strong></span> 
     </span>
     <span class='ocr_line' id='line_1_25' title="bbox 89 2739 1265 2820; baseline 0 -17"><span class='ocrx_word' id='word_1_227' title='bbox 89 2739 289 2803; x_wconf 77' lang='lat' dir='ltr'><strong>solemnitatis</strong></span> <span class='ocrx_word' id='word_1_228' title='bbox 311 2742 437 2820; x_wconf 79' lang='lat' dir='ltr'><strong>gaudet3</strong></span> <span class='ocrx_word' id='word_1_229' title='bbox 459 2743 597 2805; x_wconf 89' lang='lat' dir='ltr'><strong>nimirum</strong></span> <span class='ocrx_word' id='word_1_230' title='bbox 623 2749 656 2803; x_wconf 89' lang='lat' dir='ltr'><strong>ut</strong></span> <span class='ocrx_word' id='word_1_231' title='bbox 676 2750 796 2820; x_wconf 78' lang='lat' dir='ltr'><strong>geratur</strong></span> <span class='ocrx_word' id='word_1_232' title='bbox 816 2742 953 2819; x_wconf 84' lang='lat' dir='ltr'><strong>utrinque</strong></span> <span class='ocrx_word' id='word_1_233' title='bbox 974 2740 1090 2804; x_wconf 91' lang='lat' dir='ltr'><strong>nomine</strong></span> <span class='ocrx_word' id='word_1_234' title='bbox 1111 2756 1265 2819; x_wconf 84' lang='lat' dir='ltr'><strong>supremae</strong></span> 
     </span>
     <span class='ocr_line' id='line_1_26' title="bbox 90 2839 1264 2919; baseline 0.001 -18"><span class='ocrx_word' id='word_1_235' title='bbox 90 2841 261 2917; x_wconf 88' lang='lat' dir='ltr'><strong>potestatis,</strong></span> <span class='ocrx_word' id='word_1_236' title='bbox 276 2848 309 2902; x_wconf 91' lang='lat' dir='ltr'><strong>ut</strong></span> <span class='ocrx_word' id='word_1_237' title='bbox 323 2847 391 2903; x_wconf 91' lang='lat' dir='ltr'><strong>ante</strong></span> <span class='ocrx_word' id='word_1_238' title='bbox 409 2842 464 2904; x_wconf 91' lang='lat' dir='ltr'><strong>rite</strong></span> <span class='ocrx_word' id='word_1_239' title='bbox 479 2842 676 2913; x_wconf 85' lang='lat' dir='ltr'><strong>denuntietur,</strong></span> <span class='ocrx_word' id='word_1_240' title='bbox 689 2849 720 2904; x_wconf 89' lang='lat' dir='ltr'><strong>et</strong></span> <span class='ocrx_word' id='word_1_241' title='bbox 740 2849 858 2918; x_wconf 85' lang='lat' dir='ltr'><strong>tempus</strong></span> <span class='ocrx_word' id='word_1_242' title='bbox 874 2846 1070 2919; x_wconf 88' lang='lat' dir='ltr'><strong>opportunum</strong></span> <span class='ocrx_word' id='word_1_243' title='bbox 1091 2839 1264 2917; x_wconf 87' lang='lat' dir='ltr'><strong>intercedat,</strong></span> 
     </span>
     <span class='ocr_line' id='line_1_27' title="bbox 87 2924 1265 3017; baseline 0 -18"><span class='ocrx_word' id='word_1_244' title='bbox 87 2952 154 3015; x_wconf 83' lang='lat' dir='ltr'><strong>quo</strong></span> <span class='ocrx_word' id='word_1_245' title='bbox 174 2938 265 3001; x_wconf 89' lang='lat' dir='ltr'><strong>altera</strong></span> <span class='ocrx_word' id='word_1_246' title='bbox 282 2955 352 3017; x_wconf 88' lang='lat' dir='ltr'><strong>pars</strong></span> <span class='ocrx_word' id='word_1_247' title='bbox 373 2940 412 3001; x_wconf 92' lang='lat' dir='ltr'><strong>ad</strong></span> <span class='ocrx_word' id='word_1_248' title='bbox 434 2938 542 3002; x_wconf 93' lang='lat' dir='ltr'><strong>bellum</strong></span> <span class='ocrx_word' id='word_1_249' title='bbox 560 2938 712 3003; x_wconf 82' lang='lat' dir='ltr'><strong>uitandum</strong></span> <span class='ocrx_word' id='word_1_250' title='bbox 728 2924 967 3000; x_wconf 76' lang='lat' dir='ltr'><strong>satisfactionem</strong></span> <span class='ocrx_word' id='word_1_251' title='bbox 979 2938 1102 3000; x_wconf 91' lang='lat' dir='ltr'><strong>iniuriae</strong></span> <span class='ocrx_word' id='word_1_252' title='bbox 1124 2938 1265 3001; x_wconf 86' lang='lat' dir='ltr'><strong>exhibere</strong></span> 
     </span>
     <span class='ocr_line' id='line_1_28' title="bbox 88 3034 1262 3114; baseline -0.003 -16"><span class='ocrx_word' id='word_1_253' title='bbox 88 3036 199 3114; x_wconf 89' lang='lat' dir='ltr'><strong>possit.</strong></span> <span class='ocrx_word' id='word_1_254' title='bbox 221 3034 318 3110; x_wconf 82' lang='lat' dir='ltr'><strong>Brevi,</strong></span> <span class='ocrx_word' id='word_1_255' title='bbox 339 3036 413 3099; x_wconf 94' lang='lat' dir='ltr'><strong>illud</strong></span> <span class='ocrx_word' id='word_1_256' title='bbox 434 3038 492 3100; x_wconf 92' lang='lat' dir='ltr'><strong>erit</strong></span> <span class='ocrx_word' id='word_1_257' title='bbox 512 3037 622 3100; x_wconf 89' lang='lat' dir='ltr'><strong>bellum</strong></span> <span class='ocrx_word' id='word_1_258' title='bbox 643 3036 780 3109; x_wconf 87' lang='lat' dir='ltr'><strong>solemne,</strong></span> <span class='ocrx_word' id='word_1_259' title='bbox 801 3034 877 3113; x_wconf 89' lang='lat' dir='ltr'><strong>quod</strong></span> <span class='ocrx_word' id='word_1_260' title='bbox 897 3034 973 3096; x_wconf 91' lang='lat' dir='ltr'><strong>ritus</strong></span> <span class='ocrx_word' id='word_1_261' title='bbox 994 3049 1094 3097; x_wconf 91' lang='lat' dir='ltr'><strong>omnes</strong></span> <span class='ocrx_word' id='word_1_262' title='bbox 1116 3036 1262 3108; x_wconf 88' lang='lat' dir='ltr'><strong>observat,</strong></span> 
     </span>
     <span class='ocr_line' id='line_1_29' title="bbox 87 3132 1264 3213; baseline 0.001 -19"><span class='ocrx_word' id='word_1_263' title='bbox 87 3149 168 3213; x_wconf 82' lang='lat' dir='ltr'><strong>quos</strong></span> <span class='ocrx_word' id='word_1_264' title='bbox 188 3150 246 3199; x_wconf 92' lang='lat' dir='ltr'><strong>nun</strong></span> <span class='ocrx_word' id='word_1_265' title='bbox 263 3136 351 3199; x_wconf 93' lang='lat' dir='ltr'><strong>modu</strong></span> <span class='ocrx_word' id='word_1_266' title='bbox 366 3143 470 3197; x_wconf 90' lang='lat' dir='ltr'><strong>natura</strong></span> <span class='ocrx_word' id='word_1_267' title='bbox 491 3134 624 3213; x_wconf 82' lang='lat' dir='ltr'><strong>requirit,</strong></span> <span class='ocrx_word' id='word_1_268' title='bbox 646 3134 697 3196; x_wconf 92' lang='lat' dir='ltr'><strong>sed</strong></span> <span class='ocrx_word' id='word_1_269' title='bbox 717 3134 806 3196; x_wconf 89' lang='lat' dir='ltr'><strong>etiam</strong></span> <span class='ocrx_word' id='word_1_270' title='bbox 822 3132 967 3196; x_wconf 86' lang='lat' dir='ltr'><strong>cultarum</strong></span> <span class='ocrx_word' id='word_1_271' title='bbox 990 3134 1121 3211; x_wconf 83' lang='lat' dir='ltr'><strong>gentium</strong></span> <span class='ocrx_word' id='word_1_272' title='bbox 1142 3146 1264 3196; x_wconf 90' lang='lat' dir='ltr'><strong>consue-</strong></span> 
     </span>
     <span class='ocr_line' id='line_1_30' title="bbox 87 3231 1263 3311; baseline 0 -18"><span class='ocrx_word' id='word_1_273' title='bbox 87 3232 165 3295; x_wconf 93' lang='lat' dir='ltr'><strong>tudo</strong></span> <span class='ocrx_word' id='word_1_274' title='bbox 185 3232 357 3296; x_wconf 85' lang='lat' dir='ltr'><strong>iutroduxit.</strong></span> <span class='ocrx_word' id='word_1_275' title='bbox 381 3231 489 3296; x_wconf 86' lang='lat' dir='ltr'><strong>Contra</strong></span> <span class='ocrx_word' id='word_1_276' title='bbox 509 3234 615 3295; x_wconf 81' lang='lat' dir='ltr'><strong>miuus</strong></span> <span class='ocrx_word' id='word_1_277' title='bbox 637 3233 765 3295; x_wconf 91' lang='lat' dir='ltr'><strong>solemne</strong></span> <span class='ocrx_word' id='word_1_278' title='bbox 785 3232 903 3309; x_wconf 90' lang='lat' dir='ltr'><strong>dicitur,</strong></span> <span class='ocrx_word' id='word_1_279' title='bbox 924 3233 1004 3310; x_wconf 89' lang='lat' dir='ltr'><strong>quod</strong></span> <span class='ocrx_word' id='word_1_280' title='bbox 1030 3232 1129 3311; x_wconf 85' lang='lat' dir='ltr'><strong>aliquo</strong></span> <span class='ocrx_word' id='word_1_281' title='bbox 1157 3234 1263 3294; x_wconf 91' lang='lat' dir='ltr'><strong>borum</strong></span> 
     </span>
     <span class='ocr_line' id='line_1_31' title="bbox 86 3329 1263 3410; baseline -0.003 -18"><span class='ocrx_word' id='word_1_282' title='bbox 86 3330 203 3393; x_wconf 91' lang='lat' dir='ltr'><strong>rituum</strong></span> <span class='ocrx_word' id='word_1_283' title='bbox 231 3331 416 3406; x_wconf 89' lang='lat' dir='ltr'><strong>destituitur;</strong></span> <span class='ocrx_word' id='word_1_284' title='bbox 439 3340 509 3410; x_wconf 89' lang='lat' dir='ltr'><strong>puta</strong></span> <span class='ocrx_word' id='word_1_285' title='bbox 536 3332 562 3393; x_wconf 92' lang='lat' dir='ltr'><strong>si</strong></span> <span class='ocrx_word' id='word_1_286' title='bbox 587 3338 687 3393; x_wconf 89' lang='lat' dir='ltr'><strong>contra</strong></span> <span class='ocrx_word' id='word_1_287' title='bbox 709 3329 849 3408; x_wconf 88' lang='lat' dir='ltr'><strong>populum</strong></span> <span class='ocrx_word' id='word_1_288' title='bbox 870 3343 926 3391; x_wconf 91' lang='lat' dir='ltr'><strong>nou</strong></span> <span class='ocrx_word' id='word_1_289' title='bbox 952 3330 1191 3406; x_wconf 88' lang='lat' dir='ltr'><strong>independentem</strong></span> <span class='ocrx_word' id='word_1_290' title='bbox 1213 3343 1263 3405; x_wconf 79' lang='lat' dir='ltr'><strong>ge·</strong></span> 
     </span>
     <span class='ocr_line' id='line_1_32' title="bbox 85 3423 1263 3506; baseline -0.006 -15"><span class='ocrx_word' id='word_1_291' title='bbox 85 3435 189 3504; x_wconf 80' lang='lat' dir='ltr'><strong>ratur3</strong></span> <span class='ocrx_word' id='word_1_292' title='bbox 212 3438 265 3491; x_wconf 89' lang='lat' dir='ltr'><strong>aut</strong></span> <span class='ocrx_word' id='word_1_293' title='bbox 287 3430 351 3491; x_wconf 88' lang='lat' dir='ltr'><strong>siue</strong></span> <span class='ocrx_word' id='word_1_294' title='bbox 373 3430 491 3506; x_wconf 87' lang='lat' dir='ltr'><strong>praevia</strong></span> <span class='ocrx_word' id='word_1_295' title='bbox 511 3428 738 3500; x_wconf 89' lang='lat' dir='ltr'><strong>denuntiatione,</strong></span> <span class='ocrx_word' id='word_1_296' title='bbox 759 3434 792 3488; x_wconf 90' lang='lat' dir='ltr'><strong>ut</strong></span> <span class='ocrx_word' id='word_1_297' title='bbox 812 3425 987 3504; x_wconf 83' lang='lat' dir='ltr'><strong>quandoque</strong></span> <span class='ocrx_word' id='word_1_298' title='bbox 1007 3426 1116 3488; x_wconf 89' lang='lat' dir='ltr'><strong>accidit</strong></span> <span class='ocrx_word' id='word_1_299' title='bbox 1137 3426 1165 3486; x_wconf 95' lang='lat' dir='ltr'><strong>in</strong></span> <span class='ocrx_word' id='word_1_300' title='bbox 1186 3423 1263 3487; x_wconf 90' lang='lat' dir='ltr'><strong>bello</strong></span> 
     </span>
     <span class='ocr_line' id='line_1_33' title="bbox 83 3522 1264 3604; baseline -0.006 -15"><span class='ocrx_word' id='word_1_301' title='bbox 83 3527 256 3601; x_wconf 69' lang='lat' dir='ltr'><strong>detensium</strong></span> <span class='ocrx_word' id='word_1_302' title='bbox 280 3535 332 3590; x_wconf 92' lang='lat' dir='ltr'><strong>aut</strong></span> <span class='ocrx_word' id='word_1_303' title='bbox 353 3542 408 3590; x_wconf 93' lang='lat' dir='ltr'><strong>non</strong></span> <span class='ocrx_word' id='word_1_304' title='bbox 430 3536 552 3604; x_wconf 91' lang='lat' dir='ltr'><strong>accepta</strong></span> <span class='ocrx_word' id='word_1_305' title='bbox 573 3524 713 3589; x_wconf 79' lang='lat' dir='ltr'><strong>facultate</strong></span> <span class='ocrx_word' id='word_1_306' title='bbox 730 3541 747 3585; x_wconf 88' lang='lat' dir='ltr'><strong>a</strong></span> <span class='ocrx_word' id='word_1_307' title='bbox 762 3539 899 3602; x_wconf 88' lang='lat' dir='ltr'><strong>supremo</strong></span> <span class='ocrx_word' id='word_1_308' title='bbox 918 3526 1091 3600; x_wconf 88' lang='lat' dir='ltr'><strong>imperante,</strong></span> <span class='ocrx_word' id='word_1_309' title='bbox 1105 3522 1143 3585; x_wconf 96' lang='lat' dir='ltr'><strong>ob</strong></span> <span class='ocrx_word' id='word_1_310' title='bbox 1157 3537 1264 3601; x_wconf 81' lang='lat' dir='ltr'><strong>urgen-</strong></span> 
     </span>
     <span class='ocr_line' id='line_1_34' title="bbox 87 3623 859 3703; baseline -0.006 -15"><span class='ocrx_word' id='word_1_311' title='bbox 87 3634 153 3688; x_wconf 89' lang='lat' dir='ltr'><strong>tem</strong></span> <span class='ocrx_word' id='word_1_312' title='bbox 174 3626 391 3703; x_wconf 88' lang='lat' dir='ltr'><strong>necessitatem,</strong></span> <span class='ocrx_word' id='word_1_313' title='bbox 413 3640 489 3702; x_wconf 87' lang='lat' dir='ltr'><strong>quae</strong></span> <span class='ocrx_word' id='word_1_314' title='bbox 509 3638 620 3685; x_wconf 89' lang='lat' dir='ltr'><strong>moram</strong></span> <span class='ocrx_word' id='word_1_315' title='bbox 644 3638 700 3685; x_wconf 91' lang='lat' dir='ltr'><strong>non</strong></span> <span class='ocrx_word' id='word_1_316' title='bbox 722 3623 859 3698; x_wconf 89' lang='lat' dir='ltr'><strong>patiatur.</strong></span> 
     </span>
    </p>

    <p class='ocr_par' dir='ltr' id='par_1_6' title="bbox 81 3714 1262 3999">
     <span class='ocr_line' id='line_1_35' title="bbox 129 3714 1260 3793; baseline -0.005 -10"><span class='ocrx_word' id='word_1_317' title='bbox 129 3718 182 3783; x_wconf 74' lang='lat'><strong>25.</strong></span> <span class='ocrx_word' id='word_1_318' title='bbox 205 3718 403 3789; x_wconf 72' lang='lat' dir='ltr'><strong>bunditiuues</strong></span> <span class='ocrx_word' id='word_1_319' title='bbox 424 3717 492 3786; x_wconf 85' lang='lat' dir='ltr'><strong>iusti</strong></span> <span class='ocrx_word' id='word_1_320' title='bbox 515 3716 599 3785; x_wconf 89' lang='lat' dir='ltr'><strong>belli.</strong></span> <span class='ocrx_word' id='word_1_321' title='bbox 614 3717 757 3792; x_wconf 86' lang='lat' dir='ltr'><strong>Quoniam</strong></span> <span class='ocrx_word' id='word_1_322' title='bbox 772 3718 879 3781; x_wconf 89' lang='lat' dir='ltr'><strong>bellum</strong></span> <span class='ocrx_word' id='word_1_323' title='bbox 896 3732 961 3779; x_wconf 90' lang='lat' dir='ltr'><strong>esse</strong></span> <span class='ocrx_word' id='word_1_324' title='bbox 976 3723 1072 3793; x_wconf 90' lang='lat' dir='ltr'><strong>potest</strong></span> <span class='ocrx_word' id='word_1_325' title='bbox 1086 3717 1197 3779; x_wconf 91' lang='lat' dir='ltr'><strong>iustum</strong></span> <span class='ocrx_word' id='word_1_326' title='bbox 1214 3714 1260 3777; x_wconf 89' lang='lat' dir='ltr'><strong>vel</strong></span> 
     </span>
     <span class='ocr_line' id='line_1_36' title="bbox 81 3814 1262 3904; baseline -0.007 -23"><span class='ocrx_word' id='word_1_327' title='bbox 81 3819 246 3894; x_wconf 89' lang='lat' dir='ltr'><strong>iniustum,</strong></span> <span class='ocrx_word' id='word_1_328' title='bbox 258 3817 552 3904; x_wconf 82' lang='lat' dir='ltr'><strong>maximadiligentia</strong></span> <span class='ocrx_word' id='word_1_329' title='bbox 568 3815 729 3878; x_wconf 91' lang='lat' dir='ltr'><strong>curandum</strong></span> <span class='ocrx_word' id='word_1_330' title='bbox 744 3823 836 3877; x_wconf 88' lang='lat' dir='ltr'><strong>estut</strong></span> <span class='ocrx_word' id='word_1_331' title='bbox 851 3815 888 3876; x_wconf 93' lang='lat' dir='ltr'><strong>iis</strong></span> <span class='ocrx_word' id='word_1_332' title='bbox 902 3814 1116 3877; x_wconf 87' lang='lat' dir='ltr'><strong>conditionibus</strong></span> <span class='ocrx_word' id='word_1_333' title='bbox 1131 3820 1262 3886; x_wconf 90' lang='lat' dir='ltr'><strong>ornetur,</strong></span> 
     </span>
     <span class='ocr_line' id='line_1_37' title="bbox 82 3911 1259 3999; baseline -0.008 -18"><span class='ocrx_word' id='word_1_334' title='bbox 82 3934 169 3999; x_wconf 87' lang='lat' dir='ltr'><strong>quac</strong></span> <span class='ocrx_word' id='word_1_335' title='bbox 190 3918 308 3982; x_wconf 89' lang='lat' dir='ltr'><strong>adeius</strong></span> <span class='ocrx_word' id='word_1_336' title='bbox 324 3918 439 3996; x_wconf 88' lang='lat' dir='ltr'><strong>plenam</strong></span> <span class='ocrx_word' id='word_1_337' title='bbox 455 3915 600 3978; x_wconf 88' lang='lat' dir='ltr'><strong>iustitiam</strong></span> <span class='ocrx_word' id='word_1_338' title='bbox 613 3914 817 3993; x_wconf 81' lang='lat' dir='ltr'><strong>requiruntur3</strong></span> <span class='ocrx_word' id='word_1_339' title='bbox 830 3928 905 3991; x_wconf 88' lang='lat' dir='ltr'><strong>quas</strong></span> <span class='ocrx_word' id='word_1_340' title='bbox 918 3912 1038 3990; x_wconf 86' lang='lat' dir='ltr'><strong>quidem</strong></span> <span class='ocrx_word' id='word_1_341' title='bbox 1060 3911 1163 3989; x_wconf 91' lang='lat' dir='ltr'><strong>paucis</strong></span> <span class='ocrx_word' id='word_1_342' title='bbox 1177 3925 1259 3973; x_wconf 90' lang='lat' dir='ltr'><strong>com·</strong></span> 
     </span>
    </p>
   </div>
   <div class='ocr_carea' id='block_1_5' title="bbox 83 4016 1261 4193">
    <p class='ocr_par' dir='ltr' id='par_1_7' title="bbox 83 4016 1261 4193">
     <span class='ocr_line' id='line_1_38' title="bbox 83 4016 270 4079; baseline -0.011 0"><span class='ocrx_word' id='word_1_343' title='bbox 83 4016 270 4079; x_wconf 90' lang='lat' dir='ltr'><strong>memorabo.</strong></span> 
     </span>
     <span class='ocr_line' id='line_1_39' title="bbox 132 4102 1261 4193; baseline -0.01 -17"><span class='ocrx_word' id='word_1_344' title='bbox 132 4111 236 4177; x_wconf 89' lang='lat' dir='ltr'><strong>Prima</strong></span> <span class='ocrx_word' id='word_1_345' title='bbox 258 4113 351 4193; x_wconf 80' lang='lat' dir='ltr'><strong>igitur</strong></span> <span class='ocrx_word' id='word_1_346' title='bbox 372 4112 501 4176; x_wconf 89' lang='lat' dir='ltr'><strong>conditio</strong></span> <span class='ocrx_word' id='word_1_347' title='bbox 517 4118 578 4184; x_wconf 88' lang='lat' dir='ltr'><strong>cst,</strong></span> <span class='ocrx_word' id='word_1_348' title='bbox 599 4116 632 4171; x_wconf 88' lang='lat' dir='ltr'><strong>ut</strong></span> <span class='ocrx_word' id='word_1_349' title='bbox 652 4124 749 4172; x_wconf 78' lang='lat' dir='ltr'><strong>causo</strong></span> <span class='ocrx_word' id='word_1_350' title='bbox 768 4106 854 4169; x_wconf 80' lang='lat' dir='ltr'><strong>tosta</strong></span> <span class='ocrx_word' id='word_1_351' title='bbox 875 4107 922 4168; x_wconf 91' lang='lat' dir='ltr'><strong>sit.</strong></span> <span class='ocrx_word' id='word_1_352' title='bbox 937 4102 1023 4179; x_wconf 87' lang='lat' dir='ltr'><strong>Quod</strong></span> <span class='ocrx_word' id='word_1_353' title='bbox 1035 4119 1093 4167; x_wconf 92' lang='lat' dir='ltr'><strong>non</strong></span> <span class='ocrx_word' id='word_1_354' title='bbox 1113 4103 1201 4167; x_wconf 90' lang='lat' dir='ltr'><strong>modo</strong></span> <span class='ocrx_word' id='word_1_355' title='bbox 1215 4104 1261 4166; x_wconf 90' lang='lat' dir='ltr'><strong>in·</strong></span> 
     </span>
    </p>
   </div>
   <div class='ocr_carea' id='block_1_6' title="bbox 129 4307 462 4371">
    <p class='ocr_par' dir='ltr' id='par_1_8' title="bbox 129 4307 462 4371">
     <span class='ocr_line' id='line_1_40' title="bbox 129 4307 462 4371; baseline -0.018 -12"><span class='ocrx_word' id='word_1_356' title='bbox 129 4311 170 4371; x_wconf 77' lang='lat' dir='ltr'><strong>&lt;n</strong></span> <span class='ocrx_word' id='word_1_357' title='bbox 187 4312 227 4359; x_wconf 81' lang='lat' dir='ltr'><strong>nu</strong></span> <span class='ocrx_word' id='word_1_358' title='bbox 247 4308 309 4358; x_wconf 82' lang='lat' dir='ltr'><strong>vui.</strong></span> <span class='ocrx_word' id='word_1_359' title='bbox 326 4307 462 4358; x_wconf 66' lang='lat' dir='ltr'><strong>uenerem.</strong></span> 
     </span>
    </p>
   </div>
   <div class='ocr_carea' id='block_1_7' title="bbox 149 4410 1167 4475">
    <p class='ocr_par' dir='ltr' id='par_1_9' title="bbox 149 4410 1167 4475">
     <span class='ocr_line' id='line_1_41' title="bbox 149 4410 1167 4475; baseline -0.015 -1"><span class='ocrx_word' id='word_1_360' title='bbox 149 4423 476 4475; x_wconf 77' lang='lat' dir='ltr'><strong>Lunnuaronn-Etbicu</strong></span> <span class='ocrx_word' id='word_1_361' title='bbox 492 4429 516 4470; x_wconf 84' lang='lat' dir='ltr'><strong>et</strong></span> <span class='ocrx_word' id='word_1_362' title='bbox 533 4420 578 4469; x_wconf 80' lang='lat' dir='ltr'><strong>ius</strong></span> <span class='ocrx_word' id='word_1_363' title='bbox 593 4428 716 4467; x_wconf 78' lang='lat' dir='ltr'><strong>naturae.</strong></span> <span class='ocrx_word' id='word_1_364' title='bbox 1136 4410 1167 4459; x_wconf 71' lang='lat'><strong>2¹3</strong></span> 
     </span>
    </p>
   </div>
   <div class='ocr_carea' id='block_1_8' title="bbox 0 0 1584 4934">
    <p class='ocr_par' dir='ltr' id='par_1_10' title="bbox 0 0 1584 4934">
     <span class='ocr_line' id='line_1_42' title="bbox 0 0 1584 4934; baseline 0 5"><span class='ocrx_word' id='word_1_365' title='bbox 0 0 1584 4934; x_wconf 95' lang='lat' dir='ltr'><strong> </strong></span> 
     </span>
    </p>
   </div>
  </div>
 </body>
</html>
