3159 4934
420 358 505 401 earm
523 359 548 401 rr.
561 360 595 401 nn
613 360 720 403 oremus
738 359 845 403 nonime
861 358 932 404 nasa
951 363 1025 405 onon
1254 350 1305 406 tto

136 467 218 534 Ordo
239 487 319 544 vero,
334 473 450 537 artibus
464 473 602 535 humanis
615 474 790 552 applicatus,
805 483 893 553 prout
914 472 1008 538 Deum
1022 475 1195 553 respiciunt,
1209 476 1307 538 offieia
1409 458 1416 471 ⁸

134 569 240 649 gignit,
254 570 365 647 quibus
380 586 450 649 erga
464 587 612 633 summum
634 572 713 635 huno
735 580 832 635 rerum
848 570 992 650 Opiiloem
1014 573 1212 644 devincimus,
1222 572 1308 637 lubet

133 668 211 730 enim
236 676 269 730 ut
290 667 411 730 eandem
442 669 664 747 dependentium
685 686 702 732 a
727 668 790 733 Deo
817 669 957 733 electione
982 669 1076 733 libera
1106 672 1308 747 profiteamur,

132 781 223 845 quam
246 778 349 844 reapse
363 766 512 831 habemus,
522 768 552 831 vi
566 775 696 831 naturae.
711 764 777 830 Non
799 768 876 831 enim
893 766 981 831 aliter
995 768 1067 831 ordo
1088 775 1264 847 procuratur
1278 775 1308 831 et

132 862 302 949 custoditur
322 864 353 925 in
374 864 533 939 voluntate,
558 865 616 927 uisi
635 874 781 943 quatenus
803 867 986 944 operationes
1006 867 1072 930 aius
1093 869 1309 931 oonlormeutur

133 977 235 1025 rerum
257 969 379 1024 naturae
399 970 429 1025 et
449 962 650 1027 relationibus.
673 961 815 1038 Quoniam
839 980 908 1029 vero
927 964 977 1027 his
997 966 1113 1040 offitiis,
1126 982 1197 1045 erga
1211 963 1307 1029 Deum

135 1060 298 1134 servandis,
321 1076 427 1124 novum
456 1062 670 1141 quodammodo
699 1078 767 1125 oum
794 1077 931 1141 suprema
957 1039 1007 1125 ill'a
1030 1062 1126 1129 Causa
1157 1063 1307 1127 vinculum

133 1158 261 1231 inimus;
283 1158 352 1221 hino
377 1159 550 1235 eorumdem¹
571 1175 697 1235 summa,
718 1160 822 1239 religio
847 1177 865 1223 a
889 1159 1051 1240 reliquatio
1078 1178 1136 1225 uon
1160 1163 1308 1227 immerito

130 1262 329 1334 nuncupatur.
364 1254 426 1320 Nee
450 1258 548 1320 obstat
567 1258 646 1338 quod
673 1258 785 1337 religio,
810 1260 912 1321 striete
937 1265 1067 1337 sumpta,
1087 1260 1127 1321 sit
1148 1259 1307 1337 peculiaris

134 1355 242 1429 virtue,
263 1371 339 1432 quae
359 1352 413 1417 Dei
442 1355 565 1435 cultum,
587 1366 620 1419 ut
646 1358 797 1433 proprium
824 1357 981 1435 obiectum,
1003 1358 1135 1435 respioit.
1157 1356 1236 1421 Nam
1264 1358 1307 1421 sie

131 1454 224 1515 etiam
239 1452 382 1530 inspecta,
398 1458 431 1514 ut
444 1453 583 1515 observat
598 1451 626 1517 S.
640 1452 780 1527 Thomas,
797 1455 886 1517 hahet
899 1454 1058 1532 quamdam
1073 1455 1307 1533 generalitatem,

132 1556 287 1629 propterea
314 1551 393 1629 quod
417 1552 548 1614 omnium
570 1552 714 1614 virtutum
735 1561 820 1615 actus
841 1552 958 1617 ordinat
977 1554 1007 1615 in
1028 1553 1136 1617 honum
1160 1554 1302 1617 divinum.

615 1828 786 1893 Anrreunus
808 1829 830 1894 1.

518 1960 567 2023 De
588 1959 737 2042 reiigione
754 1962 934 2043 generatim.

175 2138 233 2204 tt..
248 2136 321 2221 Quid
343 2136 465 2225 religio.
487 2138 602 2220 Religio
624 2147 720 2219 potest
740 2154 805 2203 esse
826 2140 874 2203 rel
895 2140 1039 2207 naturalis
1060 2140 1105 2204 vel
1131 2150 1308 2219 supernatu-

143 2238 223 2301 ralis.
238 2236 306 2303 Erit
320 2238 563 2317 supernaturalis,
578 2239 604 2299 si
618 2238 726 2311 oldaia,
740 2254 817 2317 quae
837 2238 1069 2316 comprehendit,
1085 2254 1102 2301 a
1124 2239 1309 2302 revelationis

139 2350 217 2415 penu
237 2337 398 2414 depromat.
414 2334 533 2411 Contra,
552 2336 609 2399 erit
629 2335 783 2408 naturalis,
798 2338 823 2399 si
845 2336 907 2400 solo
927 2337 1033 2399 nititur
1054 2337 1163 2400 lumine
1181 2337 1307 2399 naturali

134 2440 168 2496 et
187 2433 260 2512 lege,
281 2435 428 2499 mentibus
448 2435 558 2498 uostris
584 2433 757 2496 naturaliter
781 2432 938 2511 insculpta
960 2433 1023 2498 Nos
1043 2434 1073 2495 in
1102 2435 1246 2511 praesenti
1270 2435 1311 2497 ab

134 2538 262 2612 utraque
284 2532 448 2596 differentia
469 2531 713 2611 praescindimus,
730 2540 759 2595 et
783 2530 966 2611 Religionem
987 2532 1123 2611 generice
1143 2532 1311 2595 considera·

134 2646 214 2710 mue,
229 2637 316 2708 prout
336 2629 543 2709 obligationem
564 2630 711 2707 exprimit,
726 2646 783 2709 qua
806 2627 981 2693 naturaliter
1000 2646 1071 2709 erga
1091 2628 1188 2693 Deum
1209 2630 1310 2693 devin-

136 2728 253 2802 eimur3
274 2729 336 2792 sire
357 2728 419 2791 eius
440 2728 694 2791 determinationes
722 2743 773 2805 per
793 2728 892 2801 fidem,
913 2725 976 2790 Deo
1001 2727 1144 2791 revelanti
1165 2728 1310 2803 habitam,

134 2826 200 2889 sive
210 2841 263 2903 per
275 2826 451 2890 evidentiam
465 2824 586 2889 rationis
600 2823 744 2887 naturalis
755 2824 948 2903 aoeipiantnr,
959 2822 1113 2905 «Religio,
1124 2825 1175 2888 ait.
1188 2824 1217 2889 S.
1229 2823 1309 2889 Tho·

134 2941 211 2999 mas,
223 2925 340 3003 proprie
350 2924 491 3003 importat
502 2923 632 2988 ordinem
648 2923 684 2986 ad
697 2921 805 2997 Deum3
818 2924 882 3002 ipse
892 2924 971 2987 enim
982 2932 1036 3004 est,
1047 2925 1097 2988 eui
1109 2924 1311 3004 principaliter

135 3024 254 3102 alligari
277 3023 425 3097 debemus,
439 3031 590 3101 tamquam
611 3020 787 3085 indeficienti
809 3022 972 3101 prinoipi03
986 3023 1024 3084 ad
1044 3038 1132 3101 quem
1153 3022 1242 3086 etiam
1259 3038 1311 3085 no·

134 3129 197 3183 stra
218 3122 324 3185 electio
344 3121 462 3184 assidue
482 3120 569 3199 dirigi
590 3120 685 3194 debet,
706 3120 785 3182 siout
806 3118 836 3181 in
858 3119 994 3183 ultimum
1015 3121 1103 3182 finem
1119 3116 1170 3200 (l).
1187 3141 1206 3176 a
1229 3118 1308 3183 Hine

134 3227 217 3299 patet
238 3220 303 3282 eius
329 3219 550 3282 tundamentum
570 3234 634 3281 esse
654 3217 886 3295 dependentiam,
905 3234 995 3296 quam
1016 3217 1172 3292 hahemus,
1193 3234 1210 3279 a
1234 3216 1307 3295 Deo,

133 3330 212 3397 quae
234 3332 304 3381 sane
324 3317 452 3379 maxima
473 3323 533 3389 est;
549 3315 628 3379 nulla
649 3315 795 3395 siqnidem
814 3315 1005 3392 dependentia
1029 3315 1121 3377 maior
1141 3314 1304 3392 excogitari

139 3423 246 3493 potest,
259 3430 348 3494 quam
370 3430 444 3495 quae
465 3432 481 3478 a
503 3416 597 3493 primo
619 3414 762 3492 prineipio
782 3422 813 3476 et
833 3412 936 3475 ultimo
956 3414 1013 3475 dne
1033 3413 1194 3476 derivatur.

566 3621 886 3692 PROPOSITIONRS.

178 3801 226 3869 28.
241 3802 418 3870 Pnoaosrrro
440 3803 479 3869 1⁸.
500 3804 615 3887 Ofieio
635 3804 811 3885 Religionis
828 3803 1000 3881 praecipuo
1019 3803 1096 3863 saur
1115 3800 1150 3862 iae
1163 3798 1232 3862 iure
1246 3818 1305 3863 oe·

136 3904 238 3979 turae,
252 3905 284 3965 ei
306 3904 415 3966 eeieris
436 3902 578 3967 omnibus
599 3900 824 3983 anteponendo.

174 3995 263 4065 Prota.
279 3996 360 4064 Ordo
374 4002 536 4064 officiorum
558 4001 689 4065 ordinem
710 4001 845 4079 sequitur
864 3998 1048 4070 relationum,
1061 4012 1137 4076 quae
1151 3997 1181 4059 in
1204 4006 1310 4060 natura

134 4097 308 4162 fundantur.
324 4097 417 4179 Atqui
438 4098 539 4163 relatio
560 4098 597 4161 ad
611 4096 707 4161 Deum
723 4098 816 4176 prima
830 4096 960 4160 omnium
973 4101 1018 4158 est
1031 4102 1060 4157 et
1075 4095 1204 4158 maxima
1226 4096 1302 4157 inter

184 4310 221 4372 (1)
241 4312 357 4360 Summa
374 4310 411 4359 tit.
427 4309 466 4359 2²
476 4308 519 4359 2³1
529 4323 553 4373 q.
570 4308 679 4367 LXXXI,
698 4315 746 4359 ert.
762 4308 785 4357 1.

198 4426 370 4478 Lransaronn
382 4451 414 4465 -
424 4425 535 4477 Ethieae
550 4435 575 4477 et
591 4426 663 4475 iuris
680 4435 804 4477 naturae.
