3159 4934
831 390 1001 436 carna·
1037 391 1086 434 ιι.
1129 390 1512 434 niz-socinum
1547 391 1710 432 clviu
2334 375 2441 432 223

94 505 274 583 plane
319 502 711 567 confunditur.
754 499 909 566 Nam
953 503 1146 582 quoad
1188 502 1523 582 longissime
1567 502 1869 580 praeteriti
1912 503 2196 580 temporis
2225 515 2444 564 memo-

92 603 248 665 riam
293 615 640 665 revocamus
679 607 738 662 et
780 607 1144 664 vetustarum
1189 608 1449 664 aetatum
1494 608 1867 663 monumenta
1915 600 2296 678 consulimuS,
2338 599 2446 662 ho-

92 701 316 762 minem
345 698 515 761 initio
543 697 603 759 in
634 698 953 761 domestica
986 699 1265 762 societate
1295 707 1581 771 creatum,
1617 698 1893 775 deinceps
1931 696 2442 759 succrescentibus

91 796 336 861 familiis
366 810 597 874 semper
637 796 912 859 convictu
954 795 1153 875 aliquo
1195 795 1397 859 sociali
1442 795 1797 874 gaudentem
1828 795 2244 872 comperimus.
2290 791 2444 856 Iam·

90 911 235 958 vero
262 895 485 957 factum
517 892 864 968 universale,
893 902 1261 973 perpetuum,
1291 902 1593 969 constauS,
1628 909 1740 958 non
1772 893 2008 956 aliunde
2054 891 2194 956 oriri
2230 899 2445 970 potest,

92 994 215 1057 nisi
255 1010 328 1056 ex
371 993 752 1071 propensione
792 1000 1058 1057 naturae.
1087 991 1249 1072 Ergo
1279 995 1457 1057 homo
1491 1008 1601 1057 non
1635 1009 1844 1072 segrex
1886 1000 1946 1056 et
1988 992 2312 1064 solitarius,
2341 990 2446 1052 sed

91 1091 336 1156 socialis
375 1100 434 1155 et
476 1091 550 1152 ad
594 1090 931 1155 convictum
973 1107 1111 1156 cum
1153 1091 1287 1153 aliis
1330 1108 1364 1154 a
1407 1099 1620 1154 natura
1664 1091 1970 1155 ordinatus
1996 1104 2126 1152 esse
2161 1089 2445 1152 dicendus

93 1196 207 1252 est.
249 1188 348 1253 Ad
390 1204 514 1252 rem
556 1186 768 1254 Victor
808 1186 1055 1252 Cousin:
1101 1211 1136 1246 ‹
1177 1186 1423 1263 Quando
1464 1189 1668 1252 dicitis
1718 1189 2014 1252 hominem
2065 1195 2275 1250 natura
2335 1201 2445 1249 sua

96 1285 378 1350 socialem
420 1303 534 1350 non
575 1302 720 1366 esse,
751 1303 857 1350 vos
897 1287 1272 1365 hypothesim
1316 1287 1613 1350 inducitis,
1643 1285 1730 1349 At
1760 1301 2046 1365 quaenam
2088 1284 2445 1364 experientia

96 1384 269 1447 vobis
307 1382 593 1463 elargitur
634 1385 730 1447 ius
772 1384 1106 1447 affirmandi
1136 1384 1433 1447 hominem
1473 1384 1550 1446 ad
1593 1383 1934 1447 societatem
1979 1382 2293 1446 ineundam
2336 1381 2449 1443 mi-

95 1481 257 1545 nime
296 1482 468 1560 rapi?
511 1481 685 1545 Addo
725 1483 934 1545 etiam:
976 1483 1202 1561 ecquod
1247 1483 1466 1545 factum
1511 1480 1582 1542 ad
1631 1482 1971 1545 societatem
2022 1482 2343 1543 humanam
2386 1479 2447 1542 in

95 1579 348 1642 dubium
390 1579 774 1642 revocandam
818 1569 1166 1658 argumenta
1210 1579 1492 1657 praebet?
1539 1576 1777 1653 Cavete,
1820 1595 1889 1640 ne
1937 1578 2131 1656 homo,
2170 1592 2343 1655 quem
2386 1577 2445 1638 in

98 1683 262 1740 statu
305 1676 561 1741 naturali
604 1675 990 1751 constituitis,
1031 1685 1344 1754 antequam
1390 1676 1629 1739 socialis
1660 1675 1893 1750 evadat,
1921 1691 2033 1738 non
2069 1692 2240 1739 verus
2269 1677 2446 1738 homo

96 1775 198 1855 sit,
231 1774 335 1837 sed
363 1790 467 1839 ens
495 1775 722 1837 ratione
752 1775 1097 1837 confictum.
1129 1775 1222 1837 An
1255 1790 1511 1853 unquam
1542 1781 1751 1836 natura
1779 1773 2039 1837 humana
2077 1773 2239 1846 alibi,
2267 1785 2446 1851 quam

97 1873 159 1935 in
204 1872 506 1951 societate,
535 1887 596 1935 se
623 1870 898 1935 evolvens
942 1871 1306 1950 deprehensa
1349 1871 1477 1933 est?
1527 1868 1872 1933 Differentia
1909 1878 2262 1949 temporum,
2288 1869 2445 1932 loco-

99 1986 258 2043 rum,
288 1970 577 2048 stipitum,
605 1969 945 2032 diversitate
970 1969 1210 2047 quidem
1243 1968 1438 2047 aliqua
1474 1968 1829 2046 principium
1854 1968 2201 2031 socialitatis
2227 1966 2445 2045 affecit,

95 2069 409 2146 eidemque
434 2068 654 2131 formas
682 2067 835 2130 inter
863 2082 928 2130 se
955 2067 1358 2144 discrepantes
1380 2066 1701 2144 impertiit:
1734 2066 1838 2129 sed
1870 2066 2225 2145 principium
2248 2064 2446 2144 ipsum

101 2167 218 2229 sub
255 2165 426 2229 hisce
467 2164 854 2230 varietatibus
897 2179 1125 2247 semper
1169 2181 1349 2228 unum
1392 2164 1667 2243 idemque
1708 2164 1919 2243 viguit,
1961 2179 2279 2243 omnesque
2308 2179 2447 2226 eon-

97 2265 320 2328 trarios
362 2272 609 2327 conatus
661 2263 984 2341 superavit,
1024 2271 1085 2325 et
1125 2263 1430 2326 obstacula
1474 2263 1759 2341 edomuit,
1804 2263 2019 2340 quibus
2076 2262 2339 2340 impegit.
2384 2258 2449 2324 Si

97 2364 251 2426 forte
283 2360 606 2434 obscurari,
626 2360 858 2439 quoties
889 2361 1263 2423 memoranda
1294 2361 1581 2438 quaedam
1611 2361 1909 2456 innovatio
1936 2358 2199 2438 contigit,
2222 2374 2291 2420 ac
2319 2360 2444 2421 fere

96 2459 366 2537 extingui
398 2458 457 2521 in
485 2456 865 2520 dissolutione
892 2457 1092 2536 aliqua
1136 2457 1391 2536 generali
1435 2457 1631 2522 visum
1676 2466 1798 2533 est;
1845 2473 1980 2520 mox
2022 2457 2237 2519 iterum
2267 2471 2449 2534 appa-

103 2561 248 2633 ruit,
289 2573 440 2622 nova
481 2557 717 2637 quidem
747 2558 1019 2620 indutum
1048 2558 1255 2631 forma,
1288 2557 1387 2620 sed
1415 2556 1588 2636 longe
1618 2556 1939 2635 potentiore
1968 2572 2039 2618 ac
2067 2555 2356 2618 sanctiore
2384 2553 2450 2616 vi

101 2656 481 2739 praeditum!
491 2656 662 2729 Quod
690 2671 825 2718 cum
856 2657 938 2718 ita
967 2648 1231 2733 sit22quis
1259 2655 1406 2717 mihi
1436 2655 1532 2716 ius
1562 2655 1783 2717 adimet
1811 2654 2111 2728 inferendi,
2149 2652 2445 2716 hominem

104 2764 322 2820 natura
352 2772 458 2818 sua
489 2753 767 2819 socialem
795 2753 960 2816 esse?
991 2749 1264 2827 Factum,
1292 2752 1449 2832 quod
1478 2767 1710 2830 semper
1738 2759 1797 2814 et
1828 2752 2041 2830 ubique
2081 2750 2447 2829 producitur,

102 2862 427 2932 utcumque
469 2851 629 2916 vices
674 2857 972 2916 mutentur
1015 2852 1326 2924 humanae,
1365 2850 1509 2930 quid
1553 2851 1713 2913 aliud
1751 2850 2009 2930 profecto
2037 2850 2170 2930 erit,
2199 2849 2315 2912 nisi
2344 2864 2449 2911 na-

102 2960 274 3014 turae
315 2949 451 3013 lex?
495 2949 590 3012 An
634 2948 805 3012 aliter
845 2949 1032 3028 legeS,
1072 2964 1225 3027 quae
1266 2948 1550 3011 mundum
1594 2948 1956 3012 materialem
2006 2948 2357 3079 gubernant,
2413 2963 2446 3009 a

108 3047 386 3128 Physicis
429 3046 788 3126 colliguntur
816 3045 948 3127 (1)?
982 3069 1018 3103 »
1190 3049 1210 3099 ἲ.
1806 3056 1892 3090 κ.
2106 3072 2114 3078 ·
2350 3060 2374 3081 Τ

185 3144 362 3209 Prob.
405 3143 478 3209 II.
519 3161 594 3208 ex
637 3144 890 3227 naturali
933 3142 1190 3207 hominis
1233 3144 1570 3224 indigentia.
1616 3143 1770 3207 Nam
1814 3143 1929 3207 hoc
1970 3144 2122 3207 inter
2148 3145 2450 3207 hominem

99 3251 166 3307 et
207 3244 386 3306 bruta
428 3243 748 3305 animantia
793 3222 1108 3305 discrimen
1161 3238 1420 3316 interest,
1460 3243 1620 3321 quod
1675 3244 1822 3306 haec
1877 3243 1995 3304 iam
2053 3259 2089 3305 a
2143 3242 2450 3305 nativitate

106 3341 445 3420 suscipiunt
483 3355 572 3415 ea,
613 3355 763 3418 quae
806 3340 881 3402 ad
925 3339 1267 3404 eorumdem
1309 3340 1813 3404 conservationem
1856 3350 1915 3404 et
1967 3339 2211 3404 tutelam
2256 3340 2451 3416 requi-

104 3446 352 3512 runtur;
394 3438 575 3501 homo
616 3447 822 3501 contra
863 3437 961 3501 his
1003 3438 1279 3501 omnibus
1320 3438 1642 3502 destitutus
1686 3439 1963 3511 nascitur,
2006 3439 2089 3501 ita
2137 3444 2201 3499 ut
2228 3437 2306 3499 ad
2347 3436 2447 3499 1113

106 3535 225 3596 sibi
253 3535 646 3614 comparanda
673 3535 914 3598 rationis
945 3551 1051 3598 usu
1098 3543 1274 3614 atque
1302 3537 1551 3600 aliorum
1586 3537 1908 3600 ministerio
1951 3536 2227 3614 indigeat.
2268 3534 2450 3614 Ergo,

109 3640 183 3692 ut
224 3630 299 3692 ad
337 3632 585 3696 rationis
627 3630 1034 3708 evolutionem,
1079 3633 1166 3696 sic
1209 3634 1284 3697 ad
1328 3636 1669 3699 societatem
1712 3650 1846 3699 cum
1891 3633 2025 3697 aliis
2053 3636 2231 3698 homo
2261 3634 2317 3696 vi
2347 3649 2451 3695 na-

110 3737 283 3791 turae
320 3729 457 3792 ferri
498 3729 782 3793 dicendus
822 3739 940 3804 est;
983 3731 1096 3793 nisi
1138 3731 1427 3796 inferioris
1468 3733 1838 3812 conditionis,
1884 3747 2063 3811 quam
2106 3733 2303 3806 bruta,
2345 3747 2453 3810 per

106 3825 380 3890 delirium
411 3829 616 3891 haberi
659 3828 817 3892 velit.
848 3829 1139 3908 Apposite
1181 3829 1239 3895 S.
1269 3829 1556 3895 Thomas:
1592 3853 1627 3888 ‹
1656 3829 1939 3895 Naturale
1980 3836 2072 3893 est
2113 3831 2337 3893 homini
2383 3839 2452 3893 ut
2551 3851 2552 3855 ¹

103 3926 188 3987 sit
228 3923 447 3989 animal
502 3925 716 3990 sociale
758 3935 818 3990 et
858 3927 1180 4005 politicum,
1222 3928 1281 3989 in
1325 3928 1701 3992 multitudine
1759 3929 1979 4002 vivens,
2022 3928 2213 4007 magis
2268 3928 2449 3991 etiam

106 4039 290 4101 quam
316 4022 510 4087 omnia
555 4023 668 4086 alia
697 4023 990 4086 animalia.
1021 4022 1189 4099 Quod
1218 4025 1453 4103 quidem
1484 4025 1773 4089 naturalis
1800 4025 2121 4088 necessitas
2165 4025 2451 4089 declarat.

105 4119 265 4184 Aliis
304 4121 460 4185 enim
503 4121 856 4184 animalibus
897 4129 1105 4184 natura
1151 4124 1527 4201 praeparavit
1554 4124 1774 4198 cibum,
1811 4131 2145 4206 tegumenta
2175 4123 2457 4218 pilorum,

211 4335 280 4399 (1)
323 4335 494 4387 Cours
526 4336 706 4387 d’hist.
740 4336 803 4386 de
825 4335 1026 4399 philos,
1059 4349 1196 4383 mor.
1227 4350 1274 4400 p.
1298 4335 1354 4395 ·1,
1385 4335 1496 4385 leet.
1531 4334 1618 4384 VI.
