3159 4934
281 293 354 377 'tet
620 333 662 376 rus
680 334 807 376 urrunnu
824 351 835 360 -
854 333 923 374 rens
941 331 966 373 n.
984 330 1027 375 rus
1044 329 1151 373 sperner

301 447 524 526 adipiscendum
546 448 715 508 homocum
731 446 798 508 aliis
820 445 959 518 sociatur,
975 449 1070 522 potest
1090 459 1156 507 esse
1175 445 1222 508 vel
1244 445 1484 508 determinatum

301 547 330 607 in
358 545 457 623 aliquo
486 543 624 622 peculiari
653 559 766 622 genere,
789 543 836 606 vel
855 551 1008 605 extensum
1029 542 1069 604 ad
1089 549 1181 606 totam
1203 542 1295 606 veluti
1316 560 1485 622 personam

300 643 429 706 bominis
449 643 570 720 eiusque
598 642 791 704 nativitatem.
813 638 844 704 Si
872 641 1001 719 primum
1029 641 1148 715 accidit,
1169 641 1296 704 societas
1321 641 1487 722 partialis

299 733 437 819 emergit3
457 757 533 820 quae
554 755 611 803 non
638 739 782 818 quidquid
804 739 841 801 ad
862 739 1011 802 bominem
1034 739 1168 815 pertinet,
1188 755 1242 802 nec
1265 745 1357 803 totam
1378 740 1482 803 vitam

300 839 427 902 bominis
454 839 575 918 eiusque
603 838 692 912 vires,
717 836 768 900 sed
796 837 907 900 bonum
935 835 1113 914 particulare
1142 844 1322 915 spectatae
1351 837 1486 916 proinde

300 937 425 1016 gradum
452 935 581 1014 aliquem
603 936 759 998 dumtaxat
779 933 903 998 actionis
926 935 964 997 ad
987 950 1020 997 se
1040 935 1191 998 convertit
1214 934 1369 998 llinsmodi
1394 945 1484 1000 esset

300 1053 346 1098 ex.
361 1050 405 1113 gr.
421 1035 548 1096 societas
562 1033 717 1107 litteraria,
731 1031 921 1106 industrialia,
937 1032 1069 1111 aliaeque
1086 1033 1263 1096 consimiles.
1279 1031 1331 1097 Sin
1345 1033 1481 1098 alterum

301 1134 425 1205 eveniat,
447 1131 572 1196 societas
597 1131 712 1196 dicetur
740 1129 867 1208 totalis;
888 1147 965 1210 quae
986 1147 1041 1195 non
1063 1131 1177 1194 adhoc
1199 1131 1244 1194 vel
1265 1131 1339 1194 illud
1360 1133 1481 1196 bonum

303 1221 623 1308 socits'procurandnn
638 1229 834 1308 restringitur,
849 1229 899 1291 sed
916 1228 1022 1292 mediis
1036 1229 1092 1292 sibi
1111 1229 1237 1308 propriis
1252 1231 1372 1309 attingit
1387 1233 1484 1308 qnid·

302 1327 374 1408 quid
395 1329 434 1392 ad
454 1328 586 1406 ipsorum
608 1328 764 1391 utilitatem
783 1329 1048 1408 perfectionemque
1065 1327 1163 1406 aliqua
1184 1329 1297 1391 ratione
1319 1330 1459 1391 retertur.

343 1424 440 1488 Huius
468 1426 582 1504 generis
611 1435 669 1488 tres
698 1427 854 1491 societates
882 1426 1041 1489 exsistunt:
1063 1423 1238 1501 domesticu,
1263 1425 1379 1501 cimbis,
1403 1426 1483 1489 reli-

299 1524 408 1605 piosa
431 1541 506 1604 quae
528 1529 556 1588 in
577 1525 771 1588 determinato
798 1540 882 1604 gyro,
903 1525 1086 1603 singularum
1114 1525 1243 1603 proprio,
1263 1524 1301 1586 ad
1328 1525 1480 1604 integram

303 1623 430 1687 bominis
451 1625 689 1702 personalitatem
711 1631 853 1701 spectant.
873 1620 958 1697 Quod
980 1639 1048 1686 vero
1069 1623 1125 1686 bae
1147 1632 1261 1684 tantum
1282 1628 1345 1686 tres
1366 1624 1398 1685 in
1418 1625 1481 1687 boc

303 1735 408 1798 genere
422 1721 579 1784 ,societatis
600 1723 746 1783 numerari
769 1721 903 1793 debeant,
921 1721 1111 1799 perspicuum
1133 1729 1188 1784 est.
1210 1718 1288 1783 Nam
1309 1722 1413 1801 bomo,
1434 1721 1480 1782 in·

304 1828 385 1897 tegre
405 1828 552 1897 acceptus,
567 1821 597 1880 in
620 1818 728 1896 triplici
750 1819 889 1883 relatione
906 1819 1084 1882 considerari
1107 1826 1212 1897 potest.
1228 1817 1373 1894 Primum,
1388 1828 1478 1898 prout

305 1917 343 1976 ad
365 1932 395 1978 se
416 1915 630 1993 complendum,
652 1924 714 1978 turn
735 1917 764 1979 in
790 1917 907 1996 propria
933 1918 1151 1994 personalitate,
1172 1924 1236 1978 tum
1260 1919 1359 1996 quoad
1378 1922 1477 1996 quoti·
1499 1961 1505 1966 -

305 2016 411 2077 dianae
430 2017 506 2078 vitae
534 2031 632 2088 usum,
659 2016 815 2089 adnititur3
836 2024 925 2094 utque
945 2017 976 2078 id
997 2016 1188 2094 consequitur
1208 2017 1354 2079 societnte
1370 2015 1473 2080 dome-

305 2115 393 2176 stico.
408 2113 529 2188 Deinde,
543 2124 689 2192 quatenus
705 2115 777 2177 bona
801 2117 988 2193 temporaria,
1002 2116 1111 2193 quibus
1129 2115 1252 2194 indiget,
1266 2115 1349 2193 plene
1368 2131 1475 2178 cumu-

304 2212 420 2291 lateque
431 2213 580 2291 conquirit
593 2220 622 2274 et
636 2212 791 2275 relationes
803 2229 870 2275 cum
885 2214 991 2276 ceteris
1005 2214 1174 2276 bominibus
1188 2213 1336 2276 stabiliter
1346 2213 1473 2286 ordinem

305 2322 394 2390 atque
408 2311 445 2372 ad
467 2310 524 2373 hoc
546 2311 676 2388 suppetit
697 2309 797 2373 civilis
818 2309 958 2374 societas.
974 2309 1134 2385 Postremo,
1149 2312 1178 2373 in
1199 2321 1345 2390 quantum
1366 2311 1479 2374 directe

304 2409 436 2475 felicitati
464 2409 588 2474 alterius
619 2409 694 2473 vitae
714 2417 861 2486 operatur,
883 2419 913 2474 et
933 2409 1123 2473 relationibus
1145 2409 1255 2482 studet,
1275 2410 1388 2487 quibus
1410 2423 1477 2471 cum

304 2508 367 2572 Deo
387 2509 497 2588 optimo
520 2509 648 2594 maximo
668 2508 877 2586 adstringitur,
896 2509 942 2570 cui
967 2508 1080 2570 muneri
1101 2507 1257 2585 respondet
1276 2506 1413 2570 societas
1434 2525 1481 2567 re-

306 2605 427 2686 lr'pr'oaa.
452 2603 497 2670 Dc
525 2606 575 2668 his
603 2605 694 2686 igitur
722 2605 818 2668 tribus
844 2605 993 2668 societatis
1020 2605 1175 2684 speciebus
1204 2606 1299 2668 tribus
1327 2606 1479 2682 capitibus

306 2703 493 2782 disseremus,
508 2711 540 2766 ut
554 2703 702 2766 sufficiens
725 2701 802 2766 Iuris
824 2703 941 2766 socialis
958 2702 1063 2767 notitia
1083 2705 1122 2766 ab
1142 2702 1377 2766 adolescentibus
1399 2719 1481 2766 com·

308 2808 435 2877 paretur.
458 2799 497 2862 Et
517 2801 652 2883 quamvis
674 2802 860 2879 potissimum
881 2803 911 2864 in
940 2803 1079 2865 societate
1103 2799 1183 2864 civili
1206 2799 1388 2864 enucleanda
1410 2802 1481 2863 iusi·

308 2897 443 2958 stendum
468 2899 521 2971 sit;
544 2898 743 2972 nibilominus,
763 2908 911 2978 'quantum
936 2915 1055 2962 neccsse
1078 2900 1144 2972 erit,
1164 2899 1276 2977 aliquid
1301 2898 1339 2961 de
1361 2900 1482 2962 duabus

307 2993 372 3055 aliis
393 2993 598 3070 delibabimus,
612 3013 688 3074 qnae
709 3014 777 3061 com
799 2998 848 3060 illa
870 2999 1039 3061 arctissime
1060 2997 1236 3075 copulantur
1256 2996 1386 3061 Familia
1401 2999 1480 3060 euim

307 3092 483 3155 elementum
504 3103 533 3156 et
553 3111 669 3172 germen
692 3103 738 3157 est
759 3097 896 3159 civitatis.
920 3093 1050 3159 Societas
1071 3112 1140 3159 vero
1161 3095 1299 3175 religiosa
1320 3112 1377 3159 non
1392 3094 1482 3158 modo

309 3193 395 3254 tinem
411 3191 539 3253 civitatis
554 3193 689 3270 complet,
704 3194 857 3257 sedetiam
872 3193 968 3257 media
984 3195 1163 3272 suppeditat,
1178 3195 1242 3263 sine
1255 3194 1367 3271 quibus
1382 3192 1483 3257 civilis

308 3288 423 3352 cultura
445 3297 474 3351 et
497 3305 553 3378 pax
575 3293 732 3354 consistere
754 3293 873 3356 minime
895 3302 1025 3370 possunt.
1112 3293 1117 3306 ‘

705 3601 853 3678 CAPUT
878 3604 1075 3677 PRIMUM.

608 3791 658 3840 ult
687 3790 910 3842 sedlerter
940 3791 1176 3841 bonesrtcl.

353 3979 619 4053 Metrodorus
646 3981 828 4069 composite.
851 3981 983 4047 Societas
1011 3983 1181 4062 domestica,
1203 3983 1291 4060 quasi
1321 3989 1417 4046 totum
1444 3997 1484 4045 ea

311 4080 455 4157 partibus,
482 4097 518 4144 ex
546 4083 642 4145 tribus
670 4082 901 4161 simplicioribus
929 4081 1123 4144 societatibus
1150 4080 1311 4143 coalescit:
1340 4079 1482 4142 nimirum

310 4177 475 4257 conloquii,
498 4181 621 4257 quaein
649 4181 797 4244 iunctione
817 4179 873 4241 riri
901 4187 931 4241 et
959 4180 1059 4241 uxoris
1089 4178 1185 4255 posita
1207 4186 1263 4257 est,
1284 4186 1331 4241 ae
1353 4177 1482 4256 primum

311 4273 440 4338 familiae
456 4277 574 4353 praebet
593 4277 832 4351 tundamentum3
845 4281 988 4357 paterno,
1003 4293 1080 4354 quae
1094 4276 1175 4355 uiget
1195 4276 1273 4338 inter
1294 4282 1429 4354 parentes
1451 4283 1486 4336 et
