3159 4934
415 335 501 380 canor
519 336 545 379 u.
563 336 597 377 nr
615 334 756 380 morerere
773 335 851 379 crvrnr
1163 320 1215 383 293

43 448 101 510 nisi
123 449 197 511 haec
219 446 361 525 principio
381 462 449 510 vere
470 463 528 513 uno
547 448 774 512 informaretur?
796 445 860 524 Hoc
881 464 951 537 vero
973 448 1146 528 principium
1169 456 1216 512 est
1294 450 1296 461 ’

41 545 187 624 superior.
203 542 342 623 Superior
355 544 456 624 igitur,
470 561 574 625 nempe
587 547 752 612 subiectum
767 548 943 612 auctoritate
958 546 1134 625 praeditum,
1146 561 1214 612 vere

43 660 122 706 unus
142 658 209 707 esse
230 642 333 717 debet;
355 658 534 723 quamquam
555 659 591 706 ex
611 645 676 723 ipso
697 644 797 707 variae
818 644 971 707 facultates
1000 643 1154 722 pullulent,
1175 644 1213 709 ad

39 757 168 820 quarum
183 741 354 804 esercitium
376 742 499 805 diversis
512 742 718 805 instrumentis
739 749 849 805 utatur.
866 740 1069 819 Montesqoieu
1084 757 1152 805 cum
1167 756 1216 808 as-

39 840 142 916 seclis,
156 842 184 903 ei
205 839 321 904 videtur
342 855 409 906 esse
431 839 537 903 similis
551 842 604 920 qul
627 844 768 907 unitatem
782 843 884 917 animi,
898 856 1007 921 corpus
1028 840 1213 911 informant-is

38 946 71 999 et
94 938 234 1016 regentis,
255 938 372 1001 omnino
398 946 534 1017 negarem
557 939 610 1003 sed
632 939 762 1019 singulas
785 940 942 1018 potentias,
963 937 1080 1001 videndi
1100 952 1146 1001 es.
1167 953 1211 1017 gr.

39 1035 234 1115 imaginandi,
249 1035 431 1115 intelligendi
444 1046 474 1099 et
488 1038 667 1109 consimiles,
682 1056 699 1101 a
713 1037 862 1101 distinctis
873 1044 903 1101 el
919 1035 1045 1101 diversis
1062 1034 1214 1114 principiis

39 1134 191 1212 profluere
210 1134 389 1212 opinaretur.
626 1143 627 1154 ¹
672 1190 675 1195 t

82 1228 197 1293 Verum
217 1230 282 1294 eius
296 1247 379 1295 error
401 1232 468 1297 inde
489 1234 735 1313 processitque
757 1234 843 1298 unice
863 1232 900 1297 ad
918 1241 1031 1311 partem
1045 1230 1212 1311 negativam

37 1328 229 1392 auctoritatis
243 1328 497 1408 contemplandam
513 1346 545 1393 se
565 1332 723 1407 convertit;
741 1332 895 1411 positivam
915 1344 1082 1408 vernoune
1101 1328 1213 1407 praeei-

38 1442 97 1503 pua
112 1433 160 1488 est
177 1433 208 1488 et
221 1426 441 1490 tundamentum
462 1428 557 1506 ipsius
572 1430 665 1508 partis
686 1430 851 1509 negativae,
868 1429 983 1493 omnino
1004 1414 1142 1506 neglexit.
1158 1423 1213 1490 Ni-

37 1526 150 1587 mirum
172 1534 300 1588 mentem
319 1528 464 1590 convertlt
491 1527 529 1590 ad
550 1529 738 1591 remotionem
766 1529 897 1602 abusus;
919 1542 955 1591 ne
975 1525 1069 1590 hilum
1091 1526 1210 1604 quidem

36 1622 184 1701 cogitavit
204 1622 240 1685 de
262 1623 373 1687 unitate
393 1624 504 1687 ordinis
524 1634 555 1689 et
573 1627 660 1701 vitae,
675 1643 764 1705 quam
785 1629 949 1692 auctoritas
971 1626 1164 1698 multitudini,
1178 1632 1211 1689 nt

37 1720 159 1782 animus
181 1722 306 1801 corpori,
320 1722 498 1801 impartitur.
512 1721 544 1787 Si
565 1731 665 1802 partes
681 1723 815 1803 singulae
829 1724 1023 1802 auctoritatis,
1037 1732 1210 1786 autonomae

37 1818 159 1881 omnino
172 1818 340 1882 efficiantur
352 1828 382 1883 et
396 1837 413 1883 a
428 1819 508 1885 uullo
529 1822 674 1900 principio
691 1837 758 1885 vere
773 1838 831 1885 uno
844 1821 1050 1900 dependentes,
1064 1820 1210 1899 quomodo

36 1930 202 1978 consensus
222 1924 253 1978 et
272 1916 424 1981 harmonia
444 1927 585 1998 exsurget
605 1919 634 1981 in
656 1926 737 1983 motu
758 1919 882 1982 sociali?
904 1918 1069 1983 Consensus
1089 1918 1140 1983 lnic
1161 1934 1211 1982 ea·
1240 1924 1243 1933 '

37 2012 209 2076 sualiserit
230 2022 260 2076 et
280 2016 434 2090 fortuitum
454 2025 484 2079 et
505 2016 678 2095 pierumque
697 2017 766 2079 inde
787 2018 947 2095 proveniet,
961 2017 1039 2096 quod
1062 2032 1118 2079 una
1141 2032 1210 2095 pars

36 2112 150 2175 astutia
165 2119 217 2174 aut
230 2113 258 2176 vi
274 2112 348 2174 allas
362 2114 494 2194 subigat,
506 2124 545 2189 et,
560 2116 597 2177 ad
611 2117 721 2179 iactum
736 2116 815 2195 quod
829 2115 965 2195 pertinet,
977 2114 1038 2179 sola
1052 2115 1082 2177 in
1096 2122 1211 2178 ceteras

36 2209 215 2273 dominetur.
230 2209 279 2273 Ad
300 2227 362 2274 rem
383 2210 576 2291 Romagnosi:
592 2235 610 2272 e
625 2212 668 2277 La
690 2224 805 2291 pretosa
828 2213 953 2277 bilancia
974 2212 1127 2293 deipoterl
1141 2227 1209 2275 con·

34 2307 187 2382 trastauti,
202 2323 259 2370 non
282 2311 450 2373 sottomessl
471 2310 507 2372 ad
524 2328 561 2373 un
583 2320 683 2389 potere
697 2313 828 2377 centrale
847 2314 903 2375 che
916 2311 937 2373 li
954 2311 1125 2389 predomini,
1138 2297 1154 2374 e
1169 2325 1209 2371 un

34 2414 228 2469 controsenso
241 2408 300 2469 che
317 2416 451 2472 sovverte
463 2410 531 2488 ogni
546 2410 611 2473 idea
626 2410 654 2473 di
671 2410 791 2489 politico
805 2426 940 2489 governo.
955 2407 1066 2483 Questa
1082 2408 1208 2471 bilancia

37 2503 174 2567 risolvesi
194 2505 224 2567 in
253 2522 310 2569 uno
331 2507 441 2570 scisma
470 2514 628 2586 perpetno;
650 2509 705 2573 elne
725 2508 819 2572 dovrd
840 2509 923 2571 linire
952 2507 1015 2571 ooll‘
1023 2507 1209 2585 oppressione

35 2603 116 2667 delia
133 2611 216 2681 perte
231 2620 315 2667 meno
331 2604 421 2667 nnita.
434 2603 472 2669 Se
487 2622 525 2667 nn
539 2619 664 2683 governo
686 2605 758 2670 deve
772 2622 870 2671 essere
883 2605 1119 2669 esseuzialmente
1134 2604 1208 2684 pun·

36 2702 126 2781 blico,
142 2709 224 2766 tauto
243 2702 317 2766 nella
333 2720 387 2766 sua
408 2704 530 2783 origine,
545 2712 654 2782 quanto
668 2704 741 2769 nelle
757 2704 964 2778 sociandum,
979 2702 1035 2783 egli
1050 2701 1067 2765 e
1081 2701 1208 2766 assurdo

33 2801 202 2865 introdnrvi
225 2820 263 2864 un
284 2800 513 2877 montecanino,
527 2804 582 2865 che
603 2804 693 2883 toglie
713 2802 824 2866 l’unltd
845 2801 891 2865 dei
907 2802 995 2865 voleri
1011 2801 1087 2863 edei
1103 2800 1215 2879 poteri,

35 2898 72 2963 Se
94 2902 126 2963 la
148 2900 225 2962 iorza
247 2900 294 2963 del
308 2916 434 2979 governn
448 2898 611 2965 dev‘essere
626 2900 794 2979 prevalente
808 2901 843 2963 ed
859 2900 961 2973 attive,
975 2898 1032 2977 egli
1047 2896 1064 2960 i
1078 2897 1216 2975 assando,-

34 2997 181 3079 dividerle
195 3013 247 3075 per
261 2997 333 3061 iarla
349 2998 460 3063 servire
474 2999 618 3073 elationi,
628 3000 793 3062 ostilmcnte
808 3004 978 3075 accampete
992 2996 1020 3059 le
1034 3012 1089 3071 uui
1104 3004 1205 3073 contro
1267 3043 1269 3047 Α
1330 3036 1332 3040 s

33 3096 60 3159 le
79 3094 221 3170 altrese
241 3105 344 3174 questa
366 3099 443 3161 iorna
465 3098 551 3160 unica
573 3096 726 3160 dev’esser
747 3113 844 3160 messa
860 3097 898 3159 da
921 3112 977 3157 una
998 3094 1117 3159 volunta
1133 3095 1207 3172 pult·

34 3195 125 3273 ulica,
141 3193 199 3273 egli
212 3193 230 3255 e
243 3195 368 3259 assurdo
388 3196 433 3260 lar
446 3196 621 3259 intervenire
643 3195 768 3259 un'altra
790 3194 907 3261 volenti
922 3196 977 3257 che
993 3194 1034 3267 la·
1043 3210 1128 3272 possa
1150 3194 1206 3255 im·

33 3287 193 3354 barazuare
207 3308 226 3355 o
239 3294 285 3355 iar
300 3294 435 3359 traviare.
447 3314 465 3350 »
482 3291 565 3357 Unde
578 3293 740 3357 concludit:
758 3290 841 3355 «Lu
855 3289 1047 3373 preuuieuuu
1066 3288 1205 3367 effuttire

32 3389 84 3453 dei
105 3407 224 3455 smumo
244 3393 359 3472 t'mpero
379 3391 484 3471 formu
504 3391 531 3455 ii
550 3390 662 3472 doymo
677 3390 843 3471 primerio,
864 3387 1107 3469 fouduuaeuioie,
1124 3386 1206 3451 tuui-

30 3486 212 3570 speusobiie
231 3487 266 3551 cii
284 3488 461 3569 punicoque
482 3488 570 3553 ciuile
587 3509 723 3571 pooerno
739 3490 820 3571 (1).»

416 3647 591 3713 Solvuntur
610 3648 822 3730 difficultates.

73 3780 147 3849 100.
165 3780 257 3847 otiu.
271 3783 293 3848 l.
308 3781 373 3850 Nisi
387 3784 529 3847 radicitus
550 3793 579 3847 et
600 3784 681 3862 plene
695 3791 794 3861 partes
808 3782 994 3845 auctoritatis
1015 3786 1200 3858 separentur;

29 3897 152 3961 semper
172 3881 499 3959 penonlumoimminet
515 3898 549 3943 ne
564 3896 735 3959 supremum
757 3880 915 3959 imperium
935 3879 965 3941 in
987 3878 1201 3955 despotismum

27 3987 230 4045 convertatur.
262 3978 302 4043 Et
322 3995 424 4043 revera
452 3980 481 4041 in
504 3980 591 4043 rebus
613 3978 745 4058 physicis
768 3994 804 4040 ex
826 3977 939 4041 viribus
967 3975 1110 4055 oppositis
1135 3974 1204 4039 cori-

29 4096 140 4143 sensus
160 4077 309 4141 enascitur
329 4085 359 4141 et
379 4078 592 4157 aequilibrium.

77 4293 114 4353 (l)
133 4263 371 4354 'uturispramenza
387 4291 518 4346 teorett'ca,
535 4306 558 4355 p.
575 4291 594 4350 1,
610 4290 652 4340 lib.
670 4289 722 4351 vll,
739 4306 761 4341 e.
779 4290 816 4339 11.
