3159 4934
317 353 400 395 CAPUT
419 353 434 395 Ι.
452 354 488 393 ΒΕ
505 352 620 397 GENTlUbi
639 349 825 393 natationibus
843 350 870 391 IN
888 349 970 391 srnrtt
989 350 1062 392 PAClS
1219 334 1269 393 341

97 475 195 530 totam
217 468 429 545 rempublicam
445 474 680 545 repraesentant3
701 466 818 538 iniuria,
832 480 907 543 quae
928 466 1003 528 13313
1024 466 1097 543 ipsis
1118 467 1276 538 131333133,

99 572 254 643 tamquam
277 565 330 629 toti
353 565 486 627 societati
508 564 590 627 illata
612 563 822 627 consideranda
847 570 902 627 est.
923 560 1017 625 immo
1043 563 1169 626 laeditur
1194 565 1275 629 natio

95 663 219 726 etiamsi
245 662 290 725 331
311 680 400 726 3333
422 680 439 725 3
464 662 526 725 suis
549 662 690 725 membris
711 662 740 723 in
762 676 883 739 persona
906 670 958 723 331
979 662 1089 725 honore
1110 669 1161 725 aut
1183 662 1271 747 rebus

99 760 213 823 iniuste
233 760 407 823 3113313133.

143 856 276 937 Denique
297 860 423 937 pertinet
447 859 485 921 ad
510 858 701 922 reverentiam
727 857 842 920 iuribus
868 807 992 919 alterius
1018 858 1114 935 gentis
1135 858 1276 932 debitam,

98 962 137 1016 ut
151 956 245 1017 baec
237 971 266 1017 ur
281 973 338 1018 usu
354 972 538 1051 3333133
501 944 646 1049 libertatis
667 956 787 1017 minime
801 955 991 1033 impediatur,
1005 955 1102 1033 quoad
1117 971 1150 1017 33
1167 956 1276 1029 omnia,

100 1068 182 1130 quae
202 1052 390 1115 relationibus
407 1062 472 1115 tum
499 1054 619 1116 internis
641 1059 704 1114 tum
724 1054 814 1115 etiam
836 1054 965 1164 {KQ
992 1052 1172 1130 respondent.
1195 1053 1276 1125 Quae

101 1151 171 1212 iura
191 1152 320 1228 prolecto
343 1135 627 1225 31313333133”;”“”“33
618 1161 717 1213 331333
742 1151 823 1214 natio
847 1150 960 1243 1313333
988 1152 1051 1213 3133
1083 1152 1215 1230 regimini
1246 1161 1276 1213 et

100 1247 229 1327 negotiis
248 1264 280 1311 se
301 1249 488 1323 immisceret,
509 1258 561 1311 aut
581 1250 712 1312 eiusdem
734 1250 910 1312 commercia
931 1256 960 1311 et
981 1250 1097 1313 foedera
1119 1266 1186 1313 cum
1208 1250 1275 1312 aliis

101 1344 205 1409 liberis
226 1346 394 1408 nationibus
415 1356 514 1409 331333
535 1348 690 1409 autetiam
706 1346 852 1409 moderari
875 1346 969 1424 vellet,
984 1355 1037 1410 331
1058 1348 1274 1410 controuersiae

101 1442 197 1505 ullius
218 1442 397 1505 dirimendae
418 1441 561 1507 iudicium
582 1444 639 1506 sibi
660 1444 835 1507 adsciscere.
858 1444 956 1522 Atque
971 1446 1044 1507 haec
1059 1444 1155 1523 quoad
1177 1445 1275 1509 officia

101 1540 334 1603 internetionalis
357 1542 470 1603 iustitia
491 1542 622 1605 innuisse
644 1542 783 1604 sufficiat.
1057 1530 1093 1581 f

143 1634 173 1698 7.
195 1634 304 1705 0111313
324 1635 550 1705 beneticentiae
572 1653 627 1705 seu
656 1654 733 1724 pure
756 1636 899 1707 3333113.
922 1638 1024 1714 Quoad
1047 1640 1144 1704 officia
1167 1642 1277 1704 beneti-

99 1737 228 1811 centiae,
249 1753 316 1799 oum
338 1752 394 1799 333
415 1737 512 1799 31333
532 1738 675 1816 nationes,
695 1754 784 1815 quam
807 1738 941 1801 homines
965 1738 1118 1811 individui,
1139 1739 1202 1816 lege
1224 1754 1276 1800 33-

102 1842 191 1897 13333
205 1843 371 1908 teneaotur3
385 1851 418 1897 ea
440 1851 517 1912 quae
530 1835 639 1911 singuli
654 1837 786 1899 homines
802 1836 878 1898 iuter
899 1852 941 1909 se,
962 1836 1094 1899 nationes
1114 1837 1204 1898 etiarn
1219 1836 1275 1901 sibi

99 1932 234 1995 13313333
260 1942 410 2010 praestare
438 1932 554 1995 debent.
579 1930 689 2007 Quare,
708 1934 760 2011 qui
788 1934 1007 2013 rebnspublicis
1035 1935 1277 2009 administrandis

100 2029 247 2105 assident,
270 2046 325 2092 non
349 2031 392 2092 sic
415 2031 543 2108 propriis
564 2032 677 2093 civibus
699 2030 864 2108 consulant,
887 2039 920 2093 31
941 2032 1105 2095 dilectionis
1126 2048 1195 2111 erga
1210 2032 1279 2094 3311-

101 2144 180 2205 3333
202 2128 359 2191 societates
374 2137 426 2191 aut
447 2129 618 2190 uuiversum
634 2130 786 2192 hominum
802 2145 894 2207 genus
910 2128 1128 2192 obliviscantur.
1151 2130 1199 2191 Ad
1214 2145 1276 2191 rem

103 2222 238 2287 Tullius:
255 2248 273 2283 ‹
288 2223 344 2300 Qui
360 2227 471 2289 civium
488 2228 628 2289 rationem
645 2226 747 2289 dicunt
762 2225 939 2300 babendum,
955 2234 1139 2289 externorum
1155 2234 1276 2304 negant;

101 2323 138 2385 131
159 2323 302 2385 dirimunt
323 2339 508 2386 communem
523 2324 644 2385 hnmani
667 2324 782 2402 generis
802 2326 989 2386 societatem:
1005 2340 1063 2401 qua
1085 2323 1278 2397 3313131313-

101 2420 271 2494 defluentia,
291 2408 463 2496 liberalitas,
479 2422 604 2494 bonitas,
620 2422 732 2483 iustitia
753 2421 887 2483 13311133
910 2420 1039 2497 13111133;
1061 2437 1137 2500 quae
1157 2412 1206 2499 qu'i
1224 2418 1279 2483 tol·

101 2518 180 2589 lunt,
205 2518 292 2580 etiam
318 2519 462 2581 adversus
489 2517 568 2582 Deos
593 2519 775 2581 immortales
801 2520 884 2597 impii
910 2519 1057 2581 iudicandi
1083 2526 1161 2594 sunt,
1182 2519 1277 2582 abiis

100 2615 183 2677 enim
206 2616 396 2678 constitutam
418 2617 493 2678 13133
510 2615 1043 2695 333133333313131333333133111).
1060 2639 1077 2673 >
1100 2614 1193 2679 1333
1209 2632 1277 2679 3333

103 2713 131 2773 31
154 2712 248 2775 3131113
269 2714 396 2775 societas
418 2714 456 2775 ad
477 2716 624 2778 homiuem
640 2714 854 2776 nobilitandum
876 2721 965 2791 atque
986 2714 1196 2791 perficiendum
1212 2730 1277 2793 spe-

100 2816 184 2881 etat;
205 2826 241 2872 33
254 2811 320 2873 eius
340 2811 523 2873 institutione
536 2827 592 2873 non
608 2812 694 2889 modo
709 2826 763 2895 non
785 2810 986 2874 dissolvuntur
1009 2820 1127 2874 mutuae
1143 2812 1275 2876 omnium

101 2910 257 2971 hominum
284 2909 448 2983 relationes,
469 2928 486 2973 a
514 2918 618 2971 331333
644 2916 837 2997 emergentes,
858 2910 909 2971 sed
941 2910 1039 2987 potius
1061 2918 1224 2989 augescunt
1249 2920 1278 2974 et
1404 2885 1438 3011 Ϊγ
1476 2974 1481 2987 ,

99 3006 276 3069 dilatantur.
298 3006 337 3069 tn
357 3009 496 3085 quoniam
524 3008 631 3083 officia,
652 3006 761 3085 quibus
781 3008 873 3069 homo
895 3006 1005 3069 bomini
1025 3008 1199 3084 devincitur,
1221 3025 1277 3071 non

100 3104 200 3168 solum
222 3105 357 3183 negantia
373 3112 450 3179 sunt,
465 3112 609 3181 quatenus
627 3104 786 3182 probibent
801 3121 836 3167 ne
851 3104 928 3166 alter
945 3104 1029 3167 alteri
1048 3114 1158 3181 noceat,
1176 3122 1276 3170 verum
1435 3104 1460 3169 ,l

98 3206 193 3266 etiam
208 3212 278 3265 sunt
292 3204 478 3276 affirmantia,
492 3211 638 3281 quatenus
654 3211 686 3263 nt
706 3202 773 3263 aliis
788 3202 1007 3265 benefaciamus
1023 3204 1184 3281 imperant;
1201 3206 1275 3268 baec
1303 3210 1309 3235 ·'

101 3302 218 3365 fortiori
246 3302 310 3363 iure
338 3303 413 3363 inter
433 3302 566 3363 diversas
588 3308 617 3362 et
636 3299 791 3361 distinctas
817 3307 919 3377 gentes
942 3301 1059 3379 uigeant
1081 3316 1198 3363 necesse
1220 3310 1274 3363 est.

101 3398 171 3463 Non
193 3400 281 3462 modo
301 3400 379 3461 enirn
400 3400 429 3459 iu
451 3399 489 3460 iis
510 3398 636 3461 vividius
652 3396 858 3475 potentiusque
873 3399 1000 3460 bumana
1023 3406 1126 3460 331333
1149 3398 1277 3473 relucet;

101 3512 208 3559 rernm
230 3497 319 3559 etiam
341 3497 496 3568 iunctione,
518 3505 574 3573 qna
599 3501 745 3571 coustant,
770 3494 907 3571 pluribus
933 3495 1083 3557 abundant
1109 3496 1276 3572 praesidiis,

100 3609 195 3673 quam
217 3594 350 3655 homiues
364 3593 505 3671 separati3
525 3601 614 3671 atque
628 3592 693 3655 ideo
714 3594 821 3657 officiis
835 3593 980 3655 eiusmodi
1004 3592 1088 3671 longe
1109 3593 1214 3656 melius
1230 3611 1277 3683 sa·

101 3691 243 3753 tislaeere
265 3698 398 3766 possunt.

148 3785 258 3850 Eorum
281 3797 379 3850 autern
409 3786 572 3849 officiorum
600 3786 743 3868 exhibitio
773 3786 830 3849 1333
861 3788 1061 3863 praeceptione
1091 3788 1221 3866 regitur.
1245 3800 1277 3851 ut

101 3901 242 3965 quaeque
263 3902 335 3965 gens
357 3885 480 3947 3113333
492 3868 627 3963 gentium
648 3858 819 3946 salutemet
839 3882 1105 3947 1311311313333331
1127 3896 1280 3963 procuret·

101 4000 172 4065 que.
192 3981 374 4047 Subanditur
390 3991 485 4044 tamen
508 3981 651 4044 conditio:
674 3960 759 4042 ne
731 3993 775 4047 sie
797 3982 913 4053 officiis,
928 3982 1035 4060 quibus
1057 3998 1126 4060 erga
1149 3983 1276 4061 seipsam

101 4082 314 4162 adstringitur,
333 4079 536 4160 3333311133
560 4080 637 4142 enim
657 4094 790 4157 quaeque
811 4078 938 4141 societas
960 4078 1126 4141 3331133133
1149 4081 1278 4157 quadarn

155 4295 191 4357 (Ι)
207 4296 248 4343 De
263 4295 366 4358 officiis,
384 4294 399 4343 l.
416 4293 456 4350 ΙΙΙ,
471 4307 491 4341 3.
509 4291 539 4341 V.
